3140 5036
295 408 354 472 132
825 402 883 464 ΠΗ

292 573 399 637 omnia
423 573 574 638 mendose
596 571 663 637 lieri
686 578 781 654 atque
805 571 931 655 obstipa
952 590 1086 637 necesse
1110 576 1159 638 est

290 708 391 770 prava
414 687 565 751 cubantia
586 707 688 771 prona
710 686 826 770 supina
849 693 945 766 atque
968 686 1091 750 absona
1113 690 1215 762 tecta,

293 802 356 866 iam
378 821 470 866 ruere
494 808 527 866 ut
550 801 710 883 quaedam
733 800 903 866 videantur
924 801 1028 878 velle,
1045 806 1200 881 ruantque

292 917 419 1000 prodita
438 915 564 981 iudiciis
586 915 754 980 fallacibus
778 915 886 980 omnia
907 915 1035 999 primis,

218 1049 268 1096 500
294 1030 340 1095 010
362 1031 458 1112 igitur
481 1032 561 1095 ratio
584 1030 642 1095 tibi
665 1051 768 1096 rerum
791 1052 891 1116 prava
912 1035 1077 1094 necessest

292 1144 439 1226 falsaque
463 1145 523 1222 sit,
539 1146 628 1212 falsis
652 1167 736 1228 quac
758 1164 894 1227 cumque
913 1145 957 1208 ab
980 1143 1126 1210 sensibus
1149 1147 1266 1208 ortast.

333 1263 425 1325 Nunc
448 1261 505 1324 alii
526 1281 639 1326 sensus
663 1283 724 1344 quo
748 1267 842 1345 pacto
865 1259 999 1341 quisque
1021 1280 1112 1324 suam
1135 1279 1200 1323 rem

296 1375 430 1451 sentiat,
446 1375 532 1439 haud
556 1397 717 1458 quaquam
740 1375 820 1439 ratio
845 1395 999 1458 scruposa
1022 1375 1133 1439 relicta
1156 1380 1223 1440 cst.

333 1489 493 1573 Principio
517 1490 644 1554 auditur
666 1509 763 1554 sonus
787 1496 818 1554 et
839 1510 903 1554 vox
925 1489 1047 1571 omnis,
1063 1489 1096 1552 in
1119 1489 1205 1553 auris

219 1621 269 1668 525
294 1603 454 1667 insinuata
477 1625 534 1668 suo
557 1604 710 1688 pepulere
734 1604 786 1667 ubi
809 1623 940 1686 corpore
964 1623 1111 1668 sensum.

294 1738 481 1801 corpoream
505 1738 615 1782 vocem
638 1739 763 1800 quoque
787 1717 870 1782 enim
895 1725 1039 1782 constare
1062 1716 1257 1781 fatendumst

295 1839 326 1896 et
348 1833 504 1911 sonitum,
521 1833 669 1914 quoniam
693 1838 826 1916 possunt
847 1831 1001 1915 inpellere
1025 1853 1158 1897 sensus.

295 1955 465 2030 praetcrea
487 1945 572 2010 radit
593 1969 655 2013 vox
678 1948 787 2014 lauces
811 1967 930 2031 saepe,
946 1947 1087 2029 facitque

296 2062 461 2146 asperiora
485 2063 570 2128 foras
593 2062 744 2144 gradiens
767 2063 882 2128 arteria
905 2063 1043 2127 clamor.

220 2197 270 2244 530
296 2178 412 2262 quippe
426 2229 433 2258 ,
449 2198 507 2262 per
530 2185 700 2260 angustum
723 2179 815 2243 turba
838 2178 958 2242 maiore
981 2182 1088 2241 coorta

294 2292 340 2357 ire
363 2291 450 2356 foras
474 2293 528 2357 ubi
550 2299 723 2377 coeperunt
745 2292 918 2377 primordia
940 2301 1073 2374 vocum,

295 2406 436 2484 scilicet,
454 2408 573 2492 expleti
596 2428 722 2490 quoque
745 2408 842 2470 ianua
862 2405 983 2469 raditur
1006 2406 1090 2470 oris.

297 2520 382 2584 haud
406 2521 501 2605 igitur
524 2521 685 2586 dubiumst
707 2522 782 2602 quin
805 2540 902 2585 voces
924 2520 1084 2601 verbaque
1107 2524 1252 2584 constent

296 2636 457 2718 corporcis
480 2655 497 2701 0
519 2635 903 2720 0510010110,,0010001050
927 2635 1069 2717 possint.

221 2767 270 2814 535
296 2755 409 2814 necte
432 2749 515 2813 fallit
538 2751 610 2815 item
636 2751 712 2832 quid
736 2749 877 2832 corporis
900 2749 1024 2814 auferat
1046 2752 1077 2812 et
1099 2746 1174 2827 quid

296 2858 441 2926 detrahat
463 2883 502 2928 cx
525 2863 686 2929 hominum
710 2863 814 2927 nervis
837 2883 876 2926 ac
897 2862 1015 2926 viribus
1036 2861 1115 2944 ipsis

295 2982 467 3058 perpetuus
490 2997 593 3042 sermo
617 2977 722 3058 nigrai
743 2977 845 3041 noctis
867 2976 908 3040 ad
930 2977 1075 3041 umbram

297 3107 433 3154 aurorae
455 3091 626 3173 perductus
648 3091 689 3155 ab
713 3091 876 3157 exoriente
899 3091 1020 3175 nitore,

297 3188 482 3282 pracsertim
504 3205 530 3268 si
554 3225 625 3269 cum
647 3211 800 3270 summost
823 3206 964 3271 clamore
986 3205 1154 3289 profusus.

221 3334 271 3380 540
297 3335 371 3399 ergo
394 3338 580 3402 corpoream
602 3339 709 3384 vocem
734 3328 879 3384 constare
901 3325 1081 3396 necessest,

299 3431 398 3494 multa
420 3433 553 3513 loquens
576 3433 728 3513 quoniam
750 3433 863 3496 amittit
886 3432 925 3496 de
949 3451 1081 3515 corpore
1103 3437 1247 3514 partem.

222 3561 270 3608 551
297 3546 456 3627 asperitas
477 3553 583 3610 autem
606 3546 692 3611 vocis
714 3546 748 3608 fit
770 3546 812 3610 ab
835 3545 1004 3628 asperitate

297 3659 544 3742 principiorum,
562 3667 592 3724 ct
613 3661 687 3724 item
711 3661 798 3725 levor
819 3661 926 3725 levore
950 3663 1093 3722 creatur:

223 3791 273 3836 542
301 3791 358 3836 nee
381 3773 474 3836 simili
496 3780 662 3858 penetrant
683 3773 769 3836 auris
790 3772 964 3856 primordia
985 3771 1106 3849 forma,

298 3905 368 3948 eum
391 3887 468 3951 tuba
488 3887 638 3970 depresso
661 3885 800 3970 graviter
821 3887 880 3952 sub
903 3907 1061 3950 murmure
1083 3887 1184 3967 mugit

300 4004 331 4063 et
353 3999 466 4064 reboat
487 4021 617 4066 raucum
639 4000 727 4084 regio
751 4001 814 4067 cita
836 4001 977 4067 barbara
998 4001 1169 4085 bombum,

297 4165 498 4172 *-

301 4270 350 4315 511
371 4267 453 4316 Parva
473 4263 486 4335 Η
506 4270 555 4316 526
575 4268 705 4332 Corporca
725 4268 738 4338 ΙΙ
758 4286 846 4319 vocem
864 4271 1003 4320 coriscum.
1024 4265 1038 4336 Η
1062 4269 1111 4316 532
1131 4266 1236 4328 expletis
1257 4264 1270 4335 ΙΙ
1291 4270 1339 4316 552
1359 4267 1415 4315 1000

301 4355 389 4402 letiore
409 4350 422 4422 ll
443 4357 492 4402 543
512 4370 640 4404 murmure
660 4354 673 4422 ΙΙ
695 4358 744 4404 544
763 4363 862 4404 5000500
881 4353 895 4421 ll
915 4363 981 4403 retro
