3140 5032
667 343 752 463 ¹VI

89 589 141 638 405
168 568 273 650 arguit
296 575 328 635 et
348 569 505 651 liquidam
528 569 644 632 molem
670 587 864 652 eamposque
887 571 1051 635 natantis?

165 689 336 768 praeterea
359 685 386 747 si
408 684 475 748 vult
497 701 669 747 caveamus
691 682 834 748 fulminis
856 683 972 761 iotam,
1068 671 1071 678 ’

168 819 224 865 our
247 799 372 862 dubitat
393 796 503 862 faeere
526 801 561 860 ut
580 795 740 881 possimus
762 815 893 862 eernere
917 797 1077 863 missum?

170 915 196 979 si
219 933 278 978 neo
301 911 461 996 opinantis
484 917 589 976 autern
612 911 680 976 volt
702 911 885 994 opprimere
907 913 995 994 igni,

168 1049 225 1108 eur
246 1033 337 1092 tonat
358 1047 398 1092 ex
421 1028 477 1091 ilia
499 1032 610 1110 parta,
627 1031 662 1088 ut
682 1025 787 1090 vitare
810 1045 986 1107 queamus,

92 1165 144 1212 410
171 1164 225 1208 our
247 1143 396 1206 tenebras
419 1148 493 1207 ante
517 1147 547 1205 et
570 1140 715 1204 fremitus
738 1145 771 1204 et
791 1160 953 1204 murmura
976 1139 1106 1206 ooneit?

170 1265 201 1322 et
224 1257 318 1322 simul
341 1257 375 1320 in
399 1256 515 1320 multas
538 1255 640 1338 partis
665 1256 718 1336 qui
742 1255 871 1320 eredere
893 1255 998 1338 possis

169 1372 320 1434 mittere?
336 1391 379 1434 an
403 1371 463 1435 hoo
485 1370 573 1434 ausis
595 1388 768 1450 numquam
792 1369 985 1434 contendere
1007 1369 1145 1453 fantum,

173 1492 208 1548 ut
228 1483 341 1550 fierent
363 1485 444 1548 iotus
466 1504 530 1548 uno
553 1486 612 1550 sub
636 1490 778 1566 tempore
800 1483 936 1568 plures?

171 1606 204 1662 at
226 1605 354 1682 saepest
377 1617 508 1662 numero
531 1597 649 1662 saetam
671 1597 803 1679 fierique
826 1604 1011 1673 necessest,

94 1735 146 1781 415
172 1719 206 1776 00
224 1712 338 1794 ‘pluere
361 1714 393 1775 in
416 1711 523 1775 multis
545 1712 734 1792 regionibus
757 1718 789 1776 et
810 1711 926 1776 eadere
948 1712 1078 1789 imbris,

172 1827 307 1890 fulmina
329 1827 375 1890 sio
397 1845 461 1889 uno
484 1825 553 1891 fieri
576 1828 635 1890 sub
660 1833 802 1910 tempore
826 1827 943 1890 multa.

170 1948 331 2027 postremo
355 1962 411 2006 eur
434 1947 545 2005 saneta
568 1940 661 2005 deum
686 1942 820 2029 delubra
843 1961 982 2022 suasque

171 2056 300 2121 discutit
321 2055 437 2120 infesto
460 2055 643 2138 praeclaras
666 2054 799 2120 firimine
822 2057 915 2120 sedes

172 2177 203 2234 et
224 2171 308 2236 bene
330 2168 418 2234 faeta
440 2169 534 2234 deum
557 2169 676 2252 frangit
698 2169 868 2233 simulacra
891 2170 1020 2250 suisque

93 2307 146 2354 400
172 2286 270 2349 demit
291 2284 486 2365 imaginibus
508 2284 650 2348 violento
672 2282 804 2348 volnere
826 2282 1008 2348 honorem?

173 2401 301 2482 altaque
324 2420 379 2463 our
400 2399 587 2484 plerumque
610 2398 690 2482 petit
712 2398 799 2476 looa,
815 2398 1014 2481 plurimaque
1037 2398 1106 2462 eius

174 2515 334 2578 montibus
355 2515 388 2578 in
412 2513 543 2580 summis
566 2513 702 2597 vestigia
725 2514 883 2577 oernimus
906 2513 1017 2592 ignis?

212 2628 306 2706 Quod
327 2648 423 2712 super
445 2636 514 2706 est,
531 2629 655 2693 t'aeilest
679 2646 719 2692 ex
742 2627 792 2692 his
816 2647 1010 2711 eognosoere
1032 2628 1150 2704 rebus,

173 2750 330 2826 presteras
353 2743 462 2808 Graiei
486 2764 566 2826 quos
588 2745 630 2808 ab
654 2763 687 2806 re
710 2743 958 2826 nominitarunt,

96 2879 148 2926 425
173 2858 207 2922 in
230 2879 319 2924 mare
343 2879 407 2941 qua
430 2859 517 2923 missi
540 2859 668 2923 veniant
691 2859 814 2924 ratione
837 2877 995 2942 superne.

172 2993 246 3038 nam
269 2973 303 3036 tit
325 2978 359 3037 ut
381 2974 462 3036 inter
485 2975 560 3037 dum
582 2981 649 3038 tam
672 2994 770 3055 quam
792 2974 931 3038 demissa
953 2973 1103 3038 oolumna

171 3088 204 3152 in
227 3107 314 3152 mare
337 3086 378 3151 de
401 3088 491 3152 eaelo
516 3087 710 3170 deseendat,
727 3108 825 3169 quam
847 3087 930 3152 freta
953 3089 1069 3152 oiroum
1144 3144 1147 3150 .
1191 3127 1193 3133 ,

172 3202 353 3267 fervescunt
375 3201 514 3282 graviter
535 3201 730 3284 spirantibus
753 3201 850 3265 inuita
871 3201 1000 3276 flabris,

173 3324 204 3381 et
226 3336 310 3400 quae
333 3335 469 3397 eumque
491 3315 527 3379 in
549 3335 587 3380 00
609 3321 676 3379 tum
698 3317 762 3382 sint
783 3317 944 3401 deprensa
965 3315 1101 3378 tumultu

95 3453 147 3500 430
173 3432 303 3516 navigia
325 3431 359 3495 in
382 3451 538 3496 summurn
561 3430 692 3495 veniant
713 3439 829 3498 vexata
850 3430 1025 3517 paniolum.

172 3547 233 3612 hoe
255 3547 289 3611 fit
311 3546 365 3610 ubi
386 3546 468 3610 inter
490 3545 566 3610 dum
589 3567 653 3611 non
677 3547 744 3628 quit
765 3549 814 3612 vis
836 3548 933 3612 incita
953 3547 1040 3613 venti

171 3679 319 3746 rumpere
342 3680 439 3743 quam
463 3661 568 3744 eoepit
589 3661 728 3740 nubem,
746 3662 802 3726 sed
826 3661 995 3748 deprimit,
1011 3668 1045 3726 00
1068 3661 1108 3725 010

171 3775 204 3838 in
225 3795 316 3840 mare
340 3775 380 3839 de
404 3775 494 3840 eaelo
517 3783 583 3840 tam
607 3795 703 3857 quam
724 3777 866 3842 demissa
889 3777 1058 3855 columna,

174 3890 353 3974 paulatim,
370 3889 461 3970 quasi
484 3889 559 3970 quid
582 3909 690 3971 pugno
714 3890 904 3971 braoohique
925 3909 1064 3974 superno

7 4059 8 4072 r
96 4025 148 4073 405
175 4005 321 4070 00010000
343 4002 487 4068 trudatur
510 4009 542 4068 et
564 4001 758 4068 extendatur
779 4003 811 4065 in
833 4003 957 4086 undas3

173 4179 374 4188 ...-.——--

176 4285 227 4332 406
246 4283 308 4332 vivit
327 4277 339 4348 11
361 4279 527 4329 41101101)το
547 4275 561 4347 11
580 4279 630 4328 421
651 4279 710 4328 ioea
729 4274 743 4347 ΙΙ
763 4279 835 4343 plus.
856 4276 869 4346 11
890 4278 1020 4345 40430011
1040 4276 1054 4348 i}
1074 4281 1125 4328 426
1139 4287 1191 4328 tam
1209 4293 1267 4328 curu
1281 4277 1295 4346 Η

177 4369 325 4420 40814000
345 4365 358 4438 Η
377 4370 429 4439 430
447 4367 551 4420 veniunt
