3140 5032
718 386 761 450 Vl

179 556 316 624 forsitan
338 576 379 623 ex
399 559 471 642 ipso
494 557 629 626 veniens
650 558 758 624 trahat
779 565 852 624 aere
875 559 1034 640 quaedam

180 693 335 756 corpora,
353 692 434 754 quae
458 672 563 756 plagis
585 671 759 738 ineendunt
781 673 1011 738 mobilitatem.

178 786 412 868 incolumisque
434 777 522 852 venit
541 807 600 871 per
621 806 672 852 res
695 793 791 870 atque
815 787 940 871 integra
962 786 1078 852 transit

179 902 299 985 multa,
315 899 523 966 foraminibus
545 899 685 982 liquidus
707 900 784 982 quia
805 901 983 968 transvolat
1004 900 1109 983 ignis.

104 1035 154 1083 333
179 1017 344 1098 multaque
366 1015 512 1100 pertigit,
529 1035 600 1081 oum
623 1035 759 1101 eorpora
781 1015 923 1081 fulminis
945 1016 1018 1100 ipsa

179 1130 366 1215 corporibus
388 1149 493 1211 rerum
515 1130 713 1214 inciderunt,
731 1149 797 1212 qua
817 1137 905 1195 texta
927 1135 1093 1194 tenentur.

179 1245 324 1310 dissoluit
345 1266 441 1329 porro
464 1244 559 1310 faoile
583 1265 639 1310 aes
662 1265 838 1327 aurumque
861 1249 991 1329 repente

179 1358 330 1424 conferve
351 1358 484 1436 facino
507 1360 615 1443 paruis
638 1360 713 1443 quia
735 1361 821 1425 faeta
844 1360 965 1424 minute

180 1475 367 1557 corporibus
390 1475 438 1539 vis
462 1481 511 1538 333
533 1481 565 1540 33
587 1477 712 1540 levibus
735 1494 776 1540 ex
800 1474 985 1558 elementis,

105 1609 156 1657 355
183 1607 267 1670 quae
289 1588 383 1652 t'aoile
406 1589 605 1654 insinuantur
627 1595 659 1654 et
681 1589 843 1654 insinuate
867 1595 996 1672 repente

179 1702 360 1768 dissoluont
382 1703 485 1770 nodos
509 1703 612 1770 omnis
635 1711 667 1768 et
687 1704 794 1769 vinela
815 1705 985 1768 relaxant.
1062 1758 1067 1772 ,
1089 1755 1104 1784 ,

178 1823 395 1899 autumnoque
417 1819 521 1902 magis
544 1818 645 1883 stellis
667 1817 864 1900 fulgentibus
887 1823 964 1902 apta

180 1933 354 1997 oonoutitur
376 1933 458 1998 oaeli
482 1932 595 1997 domus
618 1932 761 2016 undique
784 1939 917 2016 totaque
939 1931 1054 2014 tellus,

180 2051 211 2110 et
233 2066 303 2110 euru
326 2053 473 2131 tempora
495 2067 529 2112 se
551 2049 634 2113 veris
655 2047 801 2114 florentia
822 2048 988 2132 pandunt.

102 2183 154 2230 333
179 2160 300 2245 frigore
323 2161 406 2224 enirn
431 2161 547 2228 desunt
569 2163 681 2247 ignes,
697 2163 846 2244 ventique
869 2163 979 2228 oalore

179 2275 329 2342 definiunt
351 2295 455 2358 neque
479 2284 552 2342 sunt
572 2282 638 2340 tam
661 2277 761 2342 denso
786 2297 919 2361 eorpore
943 2277 1066 2342 nubes.

178 2391 394 2472 interutrasque
417 2392 514 2474 igitur
537 2411 609 2456 oum
632 2392 713 2456 oaeli
737 2397 882 2476 tempora
904 2397 1070 2471 constant,
1115 2393 1128 2418 ''

180 2509 245 2568 turn
267 2505 376 2570 variae
398 2525 517 2571 oausae
540 2512 730 2572 eoneurrunt
752 2505 893 2572 fulminis
915 2503 1047 2571 bmnes:

6 2699 7 2702 ι
180 2639 254 2684 nam
276 2620 376 2686 fretus
397 2621 468 2706 ipse
491 2622 567 2686 anni
588 2622 760 2706 permiscet
780 2621 883 2705 frigus
907 2628 939 2687 et
960 2626 1103 2696 aestum,

6 2737 7 2764 ³
103 2755 155 2804 333
182 2754 315 2817 quorum
337 2741 505 2819 utrumque
528 2758 608 2823 opus
632 2743 682 2803 333
703 2737 894 2803 fabricanda
916 2736 958 2802 ad
980 2735 1117 2800 fulmina
1137 2733 1236 2817 nubi,

181 2856 215 2914 ut
237 2850 397 2916 disoordia
419 2851 461 2916 sit
482 2873 587 2918 rerum
610 2853 950 2936 magnoquetumultu

177 2951 311 3050 ignibus
328 2972 360 3032 33
381 2967 484 3034 ventis
506 2969 697 3036 furibundus
719 2968 850 3035 fluctuet
871 2975 945 3034 333.

179 3083 285 3167 prima
308 3083 426 3148 oaloris
450 3083 534 3148 eninr
556 3104 634 3167 pars
657 3091 706 3148 est
727 3089 886 3168 postrema
912 3081 1048 3167 rigoris,

180 3203 306 3281 tempus
329 3203 364 3260 ut
387 3203 436 3261 333
458 3216 609 3277 vernum;
627 3217 727 3279 quare
748 3192 895 3282 pugnare
916 3201 1079 3263 neeessest

103 3331 155 3379 333
180 3310 344 3377 dissimilis
366 3311 448 3374 inter
471 3329 505 3375 se
528 3331 580 3376 res
601 3312 795 3396 turbareque
818 3313 955 3378 mixtas:

181 3431 213 3490 et
234 3426 323 3492 calor
345 3431 506 3492 extremus
528 3426 632 3513 primo
656 3447 728 3492 oum
750 3425 870 3512 frigore
891 3426 1009 3492 mixtus

181 3541 338 3617 volvitur,
355 3541 498 3605 autumni
522 3542 608 3622 quod
631 3539 731 3606 fertur
753 3543 881 3608 nomine
903 3550 1049 3628 tempus,

179 3653 231 3719 hie
255 3674 382 3736 quoque
405 3654 580 3738 confligunt
602 3656 724 3722 hiemes
747 3657 922 3724 aestatibus
945 3676 1057 3724 aeres.

180 3776 353 3855 propterea
375 3769 457 3836 freta
480 3777 553 3836 sunt
575 3770 654 3837 baeu
677 3773 751 3837 anni
776 3773 1017 3849 nominitanda‚

181 3971 383 3980 ———-

185 4107 314 4159 34613333
334 4103 348 4174 ΙΙ
368 4109 418 4156 349
437 4107 560 4158 transviat
580 4102 594 4174 ll
613 4107 663 4156 356
677 4105 762 4156 vincia
782 4103 795 4174 ll
815 4107 865 4156 357
884 4105 952 4156 alta.
975 4102 988 4173 ll
1009 4107 1058 4156 359
1078 4106 1112 4156 ris
1133 4103 1145 4174 ll
1167 4109 1218 4156 360
1236 4107 1305 4156 3313-

184 4211 239 4246 333.
265 4194 278 4263 ΙΙ
305 4198 355 4246 362
374 4196 444 4245 Inter
462 4203 581 4258 utrasque
608 4192 622 4262 ΙΙ
649 4197 700 4244 364
719 4204 744 4245 33
762 4195 902 4246 omissum.
928 4191 942 4262 ΙΙ
968 4196 1018 4244 365
1041 4193 1132 4244 nobis.
1159 4189 1171 4262 ll
1198 4195 1248 4242 366
1273 4193 1306 4243 sit

183 4285 324 4334 omasum.
345 4284 358 4350 ιι
380 4285 430 4333 333
449 4283 556 4347 ligoris.
577 4282 589 4350 ιι
611 4285 661 4334 333
680 4283 706 4333 ro
730 4279 744 4351 ιι
768 4285 819 4333 333
836 4297 876 4335 res
894 4281 1033 4332 emesam.
1055 4279 1068 4349 ιι
1092 4283 1142 4332 ara
1162 4280 1271 4331 rovum
1291 4277 1304 4349 ιι

184 4374 236 4425 374
255 4372 321 4424 freta
340 4373 482 4422 emmaum.
