3108 5034
249 387 268 450 8
803 379 818 442 I

247 571 311 614 nou
335 550 415 612 radii
440 550 518 612 solis
541 569 644 629 neque
667 548 773 612 lucida
796 550 859 611 teia
882 549 947 613 diei
1119 543 1124 573 ¹

248 665 437 738 discutiant,
462 663 520 726 sed
544 667 680 726 naturae
703 663 827 744 species
850 663 1013 745 ratioque.

248 777 434 862 principium
459 777 548 840 cuius
572 776 645 840 hinc
668 776 759 840 nobis
783 775 915 842 exordia
942 785 1063 862 sumet,

178 875 367 958 1501111116111
392 911 457 954 reni
481 911 499 955 6
523 890 586 958 nilo
610 890 699 972 gigni
723 889 871 955 divinitus
894 913 1064 972 umquam.

249 1005 366 1087 quippe
390 1004 435 1067 ita
457 1004 592 1068 formido
616 1004 760 1068 mortalis
783 1006 925 1070 eontinet
948 1007 1069 1090 omnis,

249 1119 333 1199 quod
358 1118 455 1181 multa
477 1119 508 1181 in
532 1117 626 1182 terris
649 1117 716 1181 fieri
740 1099 893 1200 caeloque
916 1127 1059 1204 tuentur,

250 1253 380 1313 quorum
406 1251 535 1314 operum
560 1251 675 1295 causas
698 1233 784 1295 nulla
807 1207 930 1298 ratione
953 1233 1065 1299 ridere

247 1353 380 1431 possunt
403 1365 442 1409 ae
465 1345 530 1408 fieri
554 1345 662 1408 divino
686 1348 814 1410 numine
837 1354 964 1412 16111111.

177 1485 224 1530 mn
249 1481 328 1543 quas
352 1461 391 1524 ob
416 1480 468 1524 res
490 1459 543 1522 ubi
567 1458 738 1523 viderimus
761 1460 804 1523 nii
827 1481 924 1545 posse
948 1463 1049 1526 creari

247 1576 288 1640 116
312 1575 397 1656 nilo,
421 1579 486 1635 tum
511 1571 596 1651 quod
619 1573 778 1652 sequimur
800 1575 861 1637 iarn
886 1575 1002 1638 rectius
1022 1576 1098 1638 inde

248 1689 496 1775 perspiciemus,
522 1689 553 1748 et
575 1685 659 1750 unde
683 1693 780 1766 queat
802 1707 852 1751 res
877 1707 1022 1769 quaeque
1045 1691 1145 1753 creari

176 1828 224 1873 155
248 1813 279 1869 61
302 1797 363 1884 quo
388 1820 532 1882 quaeque
556 1799 651 1863 modo
675 1800 752 1864 fiant
774 1822 872 1884 opera
895 1802 964 1866 sine
987 1803 1114 1868 divom.

177 1941 225 1986 156
291 1904 373 1982 Nar'n
397 1917 422 1980 si
446 1916 486 1980 de
509 1915 575 1978 nilo
597 1913 726 1997 tierent,
752 1935 791 1978 ex
815 1916 952 1980 omnibu'
976 1917 1068 1981 rebus

249 2052 342 2096 omne
365 2050 466 2113 genus
489 2027 578 2093 nasei
600 2036 728 2111 posset,
753 2030 796 2092 nii
820 2030 941 2094 semine
965 2038 1089 2112 egeret.

247 2168 264 2211 6
287 2166 375 2210 mare
399 2144 532 2227 primum
556 2141 721 2225 homines,
746 2149 870 2208 eterra
892 2152 1000 2227 posset
1023 2145 1097 2208 oriri

248 2260 483 2341 squamigerum
508 2277 608 2338 genus
632 2263 664 2320 ct
686 2257 832 2322 volucres
855 2277 1019 2341 erumpere
1042 2261 1152 2326 caelo:

249 2381 392 2438 armenta
416 2378 510 2453 atque
533 2372 615 2434 aliae
637 2371 797 2455 pecudes,
820 2392 921 2455 genus
944 2393 1039 2438 ornne
1061 2374 1220 2458 ferarum,

249 2491 369 2554 incerto
392 2494 486 2572 partu
510 2485 594 2549 culta
616 2505 655 2550 ac
678 2486 805 2551 deserta
827 2493 991 2552 tenerent:

178 2627 226 2672 1e5
248 2625 307 2668 1166
330 2603 450 2666 fructus
472 2600 556 2664 idem
580 2602 747 2667 arboribus
771 2608 916 2667 constare
940 2603 1098 2685 solerent,

251 2721 306 2783 sed
330 2722 542 2790 mutarentur,
565 2715 649 2780 ferre
673 2737 782 2782 omnes
806 2719 912 2782 onmia
934 2724 1085 2801 possent.

250 2835 388 2917 quippe,
411 2831 463 2894 ubi
489 2850 551 2893 non
574 2838 681 2895 essent
703 2832 858 2911 genitalia
880 2852 1014 2915 corpora
1038 2833 1170 2914 cuique,

250 2947 302 3028 11111
325 2952 433 3029 posset
455 2951 555 3010 mater
579 2947 672 3010 rebus
695 2946 868 3010 consistere
892 2947 1000 3010 certa?

214 3090 218 3100 ·
250 3069 281 3125 at
303 3081 386 3124 nune
410 3061 584 3125 seminibus
608 3061 683 3141 quia
706 3061 801 3126 certis
824 3079 969 3142 quaeque
992 3069 1156 3143 creantur,

178 3200 226 3244 iro
249 3177 323 3240 inde
347 3176 505 3240 enascitur
528 3181 622 3255 atque
646 3196 720 3239 oras
740 3176 773 3238 in
796 3175 923 3238 luminis
947 3177 1030 3259 exit,

249 3290 399 3354 materies
421 3290 474 3354 ubi
498 3290 580 3353 inest
602 3289 753 3370 cuiusque
776 3295 808 3353 61
831 3310 965 3373 corpora
986 3291 1108 3374 prima:

250 3411 347 3486 atque
370 3406 429 3469 hac
451 3425 484 3468 16
509 3409 670 3485 nequeunt
692 3423 732 3467 ex
756 3404 901 3468 omnibus
923 3406 1031 3468 omnia
1053 3405 1162 3488 gigni,

251 3519 337 3602 quod
361 3520 455 3584 certis
478 3520 515 3582 in.
533 3519 627 3582 rebus
650 3518 734 3582 inest
756 3525 879 3582 secreta
902 3518 1056 3584 facultas.
1106 3521 1109 3525 ’

250 3639 418 3720 praeterea
442 3651 592 3698 currere
616 3651 742 3714 rosam,
767 3632 922 3698 frumenta
946 3635 1073 3715 calore,

178 3773 226 3818 115
249 3751 330 3815 vites
353 3754 504 3812 autumno
528 3747 616 3812 sundi
639 3747 793 3812 suadente
815 3748 979 3832 videmus,

251 3866 276 3929 si
301 3885 384 3946 uon,
409 3871 494 3928 certa
518 3883 574 3927 suo
599 3863 672 3942 quia
693 3868 836 3946 tempore
860 3863 983 3926 semina
1004 3881 1108 3925 rerum

248 4000 318 4043 cum
342 3977 576 4060 confluxerunt,
600 3983 676 4060 pate
698 3977 732 4040 iit
756 3977 995 4059 quodcumque
1021 3981 1165 4059 creatur,

250 4092 324 4155 dum
346 4095 552 4176 tempestates
575 4092 691 4156 adsunt
713 4097 746 4156 et
767 4090 876 4156 vivida
898 4091 991 4156 tellus

256 4339 304 4388 158
323 4345 351 4385 ut
371 4334 383 4404 11
406 4339 455 4386 168
475 4337 560 4388 derte.
583 4334 597 4405 Η
618 4340 666 4386 176
686 4337 728 4402 qui
750 4334 763 4406 11
785 4340 832 4384 177
853 4343 957 4388 creatu.
