3108 5034
673 385 687 446 1

100 563 301 624 oontextum
323 556 372 621 vis
395 556 524 621 deberet
546 554 721 619 dissolvere
745 572 912 633 quaeque.

102 681 140 738 at
166 689 280 751 nuno,
303 668 384 732 inter
406 688 441 733 se
465 670 539 750 quia
561 687 662 756 nexus
685 665 913 750 principiorum

31 808 81 854 245
105 775 294 850 dissimiles
321 788 468 850 constant
491 788 688 862 aeternaque
710 780 859 844 materies
881 786 948 856 est,
1015 821 1020 831 -

103 896 272 964 ineolumi
294 902 458 961 remanent
480 917 531 962 res
555 915 706 979 corpore,
731 893 806 956 dum
829 893 907 958 satis
930 893 1012 956 aeris

16 986 17 1028 1
101 1014 158 1078 215
188 1011 290 1074 512551
310 1031 368 1092 pro
392 1001 517 1074 textura
540 1011 694 1090 cuiusque
717 1013 862 1090 reperta.

104 1125 207 1191 haud
232 1124 328 1204 igitur
350 1123 431 1187 redit
453 1126 494 1187 ad
518 1125 615 1187 nilum
640 1143 691 1187 res
713 1122 798 1204 ulla,
823 1121 879 1185 sed
903 1114 1012 1185 omnes

105 1237 257 1305 disoidio
281 1237 416 1301 redeunt
436 1239 469 1301 in
492 1257 626 1320 corpore
648 1235 813 1299 materiai.

40 1377 86 1423 255
106 1357 284 1440 postremo
308 1357 442 1433 pereunt
463 1353 601 1434 imbres,
624 1351 677 1414 ubi
702 1370 757 1414 eos
779 1355 869 1432 pater
891 1347 999 1412 aether

104 1471 141 1532 in
167 1465 330 1550 gremium
353 1465 464 1528 matris
486 1465 583 1529 152251
606 1463 843 1548 praeeipitavit:

105 1589 141 1647 51
167 1579 296 1644 nitidae
319 1585 451 1662 surgunt
473 1577 602 1660 fruges,
626 1579 769 1672 ramique
789 1577 949 1642 virescunt

107 1692 313 1775 arboribus,
337 1699 482 1756 creseunt
503 1693 594 1776 ipsae
617 1691 747 1774 fetuque
770 1695 959 1772 gravantur:

107 1811 192 1874 bino
219 1807 315 1870 511122
337 1827 431 1890 porro
455 1813 598 1870 nostrum
620 1827 722 1889 genus
744 1812 839 1888 atque
862 1806 1018 1868 ferarum:

47 1943 90 1992 255
112 1925 193 1987 12125
219 1921 323 1984 155155
345 1921 440 1984 221255
463 1921 569 2004 pueris
591 1920 704 1985 florere
726 1921 892 2003 videmus,

112 2034 381 2117 frondiferasque
404 2035 494 2100 novis
516 2035 629 2099 avibus
652 2054 767 2099 552525
789 2033 928 2114 undique
951 2033 1067 2099 siivas:

110 2151 191 2215 hine
217 2147 327 2214 fessae
350 2149 490 2232 pecudes
512 2150 624 2233 pingui
646 2171 703 2233 per
725 2149 847 2232 pabula
869 2149 957 2212 laeta

112 2285 260 2351 corpora
283 2264 465 2347 deponunt,
490 2269 520 2326 et
543 2262 685 2328 eandens
705 2265 827 2326 laoteus
849 2281 940 2324 umor

17 2361 18 2366 ¹
113 2379 276 2454 uberibus
299 2383 410 2440 manat
433 2377 598 2442 distentis:
622 2378 694 2441 bino
715 2396 801 2440 nova
822 2377 931 2460 proles

28 2555 30 2562 .
53 2510 97 2560 255
116 2495 259 2558 52121225
281 2491 413 2556 infirmis
434 2497 563 2556 teneras
585 2493 709 2556 1555125
730 2512 788 2575 per
809 2491 927 2554 herbas
975 2523 977 2526 ·

19 2638 20 2644 1
116 2607 202 2672 ludit
227 2607 311 2671 laete
333 2627 420 2670 mero
443 2611 566 2670 mentes
588 2606 737 2690 perculsa
759 2605 924 2669 novellas.

18 2749 20 2760 ‚
118 2721 212 2786 hand
236 2720 333 2800 igitur
355 2720 482 2805 penitus
504 2726 639 2803 pereunt
663 2739 746 2801 quae
770 2737 905 2800 eumque
927 2709 1093 2791 videntur3

119 2833 255 2918 quando
279 2834 345 2898 alid
369 2853 409 2898 522
432 2835 495 2898 5115
519 2834 619 2899 2511511
640 2841 775 2913 natura,
798 2853 859 2920 nee
881 2833 980 2896 2115222

17 2957 18 2960 ’
119 2971 188 3014 rem
213 2948 302 3032 gigni
325 2950 462 3033 patitur,
487 2950 550 3014 nisi
571 2956 672 3016 morte
694 2951 805 3014 adiuta
827 2949 952 3013 aliena.

18 3008 19 3039 i

58 3080 103 3129 255
167 3045 265 3129 Nune
287 3085 367 3146 age,
383 3085 442 3129 -res
465 3066 614 3146 quoniam
638 3065 731 3128 docui
753 3084 818 3126 non
840 3082 937 3146 posse
960 3059 1060 3124 525521

122 3177 164 3242 de
188 3179 257 3241 nilo
281 3197 385 3260 neque
407 3179 482 3242 item
506 3179 633 3260 genitas
656 3177 698 3242 ad
720 3177 766 3240 nil
785 3173 952 3258 revocari,

124 3311 165 3356 ne
191 3313 257 3374 qua
278 3291 361 3356 forte
383 3299 488 3356 temen
511 3299 640 3376 coeptes
663 3291 807 3356 diffidere
830 3290 942 3367 dietis,

123 3406 213 3486 quod
235 3414 397 3490 nequeunt
419 3408 520 3472 oeulis
543 3428 647 3472 rerum
671 3405 845 3490 primordia
868 3404 973 3487 oerni,

127 3521 241 3605 aoeipe
263 3527 429 3604 praeterea
452 3541 534 3604 quae
557 3541 690 3606 eorpora
712 3526 778 3586 tute
801 3526 964 3585 necessest

62 3646 108 3698 ‘tro
127 3635 300 3700 5521115525
323 3655 395 3700 5555
417 3637 451 3700 12
473 3637 569 3700 251225
591 3656 649 3700 neo
671 3654 768 3718 posse
790 3633 913 3698 videri.

17 3725 22 3745 ’
125 3749 281 3832 principio
305 3751 390 3815 venti
412 3751 461 3816 215
483 3749 629 3816 verberat
652 3750 749 3814 inoita
771 3755 879 3814 oautes

127 3859 330 3946 ingentisque
352 3865 414 3929 ruit
436 3866 526 3929 225215
550 3871 581 3928 51
602 3865 715 3929 2212115
740 3864 861 3946 differt,

126 3971 212 4039 inter
235 3977 308 4042 dum
331 3979 443 4061 rapido
467 3997 654 4061 percurrens
676 3978 802 4042 turbiue
824 3997 955 4059 eampos

128 4089 296 4157 arboribus
318 4092 444 4173 magnis
467 4092 579 4156 sternit
601 4091 779 4172 montisque
801 4111 967 4174 supremos

128 4240 327 4258 Ἢ...-

72 4379 74 4382 ,
131 4335 179 4386 257
199 4341 300 4406 pinguis
321 4339 334 4409 Η
355 4343 406 4390 263
425 4357 457 4392 ex
476 4341 526 4389 5112
548 4337 561 4408 i]
582 4343 633 4389 264
653 4340 739 4389 adlutu
759 4337 772 4408 Η
793 4342 841 4388 211
863 4346 964 4389 cortus.
