3108 5034
306 397 348 462 32
859 393 875 458 I

306 563 387 628 scire
408 562 483 626 licet
504 581 566 625 non
590 580 662 627 esse
684 561 718 625 in
739 562 835 628 rebus
857 582 909 626 000
931 563 976 626 110
997 562 1134 646 mixtas,

232 698 282 746 005
307 697 416 743 verum
441 676 562 741 semina
583 675 778 740 multimodis
800 677 944 743 inmixta
956 678 1057 742 latere

305 793 473 856 multarum
496 811 598 855 rernm
622 790 656 854 in
677 792 773 856 rebus
796 791 976 856 communia
999 789 1137 854 debent.

346 901 401 970 ‘At
424 926 522 990 saepe
545 905 578 969 in
601 905 725 988 magnis
747 905 782 969 fit
804 901 976 971 montibus'
1002 904 1109 987 inquis
1128 900 1177 970 ‘ut
1198 905 1271 971 altis

306 1022 473 1109 arboribus
494 1020 600 1086 vicina
622 1022 789 1085 cacumina
811 1041 934 1086 summa
955 1003 1098 1086 terantur

306 1139 387 1203 inter
410 1156 465 1212 se,
488 1136 603 1200 validis
625 1134 733 1200 facere
756 1135 789 1199 id
813 1135 998 1220 cogentibus
1021 1135 1156 1218 austris,

232 1273 282 1318 000
308 1253 409 1316 donec
430 1249 573 1314 flammai
594 1249 753 1314 fulserunt
774 1250 852 1316 flore
876 1257 984 1316 coorto
997 1244 1013 1314 ‚³

307 1366 448 1444 scilicet,
473 1371 503 1431 01
525 1386 590 1431 000
612 1371 661 1430 001
682 1365 777 1449 lignis
799 1370 907 1428 tamen
930 1363 1043 1428 insitus
1065 1363 1171 1444 ignis,

306 1502 416 1545 verum
439 1481 561 1545 semina
583 1485 657 1544 0001
679 1479 803 1544 ardoris
825 1479 944 1555 multa,
969 1479 1102 1550 tendo

309 1616 390 1677 0000
414 1614 484 1659 cum
507 1593 708 1677 confluxere,
732 1600 841 1658 creant
862 1593 1012 1658 incendia
1034 1593 1145 1659 silvis:

309 1709 395 1792 quod
418 1709 446 1774 si
467 1708 553 1773 facta
575 1707 658 1773 foret
680 1708 770 1773 silvis
793 1709 982 1773 abscondita
1003 1707 1152 1790 flamma,

234 1844 283 1891 905
309 1845 374 1887 non
396 1828 527 1906 possent
548 1823 648 1886 ullum
670 1831 795 1907 tempus
818 1823 952 1890 celarier
973 1823 1086 1903 ignes,

309 1937 498 2004 conficerent
518 1939 615 2020 volgo
637 1938 755 2014 silvas,
779 1939 910 2003 arbusta
933 1943 1128 2002 cremarent.

272 2102 274 2106 .
308 2053 414 2118 iamne
436 2052 527 2117 vides
550 2053 665 2136 igitur,
688 2053 785 2137 paulo
809 2051 894 2134 quod
917 2050 1055 2115 diximus
1082 2057 1175 2135 ante,

309 2167 474 2250 permagni
497 2167 616 2231 referre
638 2166 752 2232 eadem
775 2165 948 2251 primordia
970 2185 1071 2251 saepe

310 2301 380 2346 oum
404 2281 519 2364 quibus
542 2287 573 2345 et
595 2282 682 2362 quali
703 2282 848 2365 positura
871 2283 1092 2346 contineantur

236 2416 286 2462 910
312 2403 342 2460 et
366 2415 445 2477 quos
467 2396 549 2460 inter
572 2415 608 2460 00
632 2396 710 2461 dont
730 2403 834 2460 motus
857 2395 1098 2480 accipiantque,

312 2518 409 2592 01000
431 2509 543 2574 eadem
568 2511 663 2594 paulo
686 2511 768 2576 inter
791 2531 825 2576 00
848 2516 969 2574 mutata
989 2529 1099 2575 creare

311 2626 404 2706 ignes
427 2631 458 2690 et
479 2625 628 2708 lignum?
652 2647 715 2712 quo
738 2634 831 2710 pacto
855 2625 953 2690 verba
975 2643 1101 2707 quoque
1124 2625 1195 2707 ipsa

310 2741 393 2804 inter
415 2761 450 2804 se
472 2741 570 2823 paulo
593 2741 720 2805 mutatis
743 2747 817 2805 sunt
840 2739 1024 2815 elementis,

313 2873 382 2918 cum
405 2853 492 2936 ligna
515 2859 608 2934 01000
631 2857 722 2935 ignes
747 2854 897 2919 distincta
919 2872 997 2918 voce
1020 2859 1185 2917 notemus.

238 2988 287 3032 90
314 2967 450 3047 denique
472 2967 536 3030 iarn
561 2987 642 3049 quae
665 2987 798 3049 cumque
820 2968 853 3032 in
875 2969 969 3032 rebus
992 2969 1095 3032 cernis
1118 2966 1238 3051 apertis

314 3080 431 3144 0111001
453 3101 518 3146 non
540 3102 636 3165 posse
659 3089 773 3167 00100,
797 3083 874 3164 0010
897 3083 1040 3148 materiai

314 3215 448 3278 corpora
471 3196 627 3262 consimili
650 3203 762 3262 natura
784 3199 930 3283 praedita
952 3198 1076 3279 lingas,

312 3311 373 3375 hac
396 3311 520 3376 ratione
542 3313 598 3376 tibi
622 3317 755 3397 pereunt
777 3311 951 3396 primordia
977 3333 1100 3377 rerum:

311 3425 365 3488 fiet
387 3425 431 3488 uti
455 3426 520 3490 risu
541 3427 675 3491 tremulo
698 3447 854 3492 concussa
877 3426 1069 3491 cachinnent

240 3557 290 3605 990
315 3543 347 3602 01
367 3537 506 3604 lacrimis
530 3541 623 3606 salsis
646 3547 805 3607 umectent
827 3562 882 3606 ora
904 3559 1088 3622 genasque.

355 3654 447 3716 Nunc
470 3673 551 3734 age,
576 3657 661 3736 quod
684 3677 780 3742 super·
802 3661 851 3721 est
873 3656 1032 3735 cognosce
1056 3660 1087 3717 et
1108 3654 1225 3719 clarius
1246 3657 1340 3720 audi.

314 3789 373 3832 nec
397 3787 446 3830 me
469 3768 564 3831 animi
587 3768 671 3833 fallit
694 3790 788 3851 quam
811 3770 875 3834 sint
896 3769 1034 3833 obscura
1047 3792 1057 3830 z¹
1078 3769 1135 3832 sed
1158 3771 1223 3834 aeri

314 3881 470 3965 percussit
492 3880 599 3964 thyrso
623 3883 729 3947 laudis
752 3903 826 3968 spes
839 3897 968 3964 'magna
990 3901 1094 3946 meum
1117 3904 1172 3949 cor

316 4002 348 4060 01
370 3996 463 4059 simul
485 3996 619 4061 incussit
641 4018 768 4064 suavem
791 3999 834 4062 mi
856 3999 1023 4080 inpactus
1045 4017 1186 4064 amorem
1216 4019 1217 4022 ¹

317 4265 371 4312 000
386 4263 503 4312 flammae
523 4259 535 4330 Η
557 4265 606 4313 906
621 4263 763 4313 Conficerct
783 4263 795 4331 Η
816 4266 866 4312 909
886 4263 1081 4326 contingantur.
1103 4262 1116 4333 11
1137 4266 1186 4313 012
1206 4279 1219 4312 e
1239 4262 1252 4331 11
1273 4265 1323 4312 918
1337 4264 1407 4314 Haec
1423 4263 1436 4334 ΙΙ

316 4353 365 4398 919
387 4352 496 4400 tnemulo
