3108 5034
275 436 316 500 68
818 433 848 496 Il

272 619 407 684 corpora
428 600 531 685 prima
555 620 704 676 manere,
722 599 819 666 etiam
842 605 966 666 secreta
987 601 1108 684 teporis

270 720 344 780 sunt
366 735 405 779 ac
427 714 556 798 frigoris
580 715 708 778 omnino
733 714 893 795 calidique
915 714 1064 798 vaporis,

196 848 246 895 845
272 835 304 893 et
325 831 430 895 sonitu
453 830 563 894 sterila
587 835 619 894 81
640 849 716 893 8888
739 828 845 892 181888
872 827 1038 910 feruntur,

270 962 330 1008 nec
352 945 472 1008 iaciunt
494 943 593 1006 ullum
612 943 741 1026 proprio
765 941 805 1006 de
829 960 963 1026 corpore
986 942 1137 1006 odorem.

271 1057 353 1122 sicut
374 1058 545 1122 amaracini
569 1057 720 1120 blandum
744 1060 929 1136 stactaeque
953 1055 1109 1136 liquorem

271 1177 302 1234 et
322 1171 416 1235 nardi
439 1171 569 1254 florem,
586 1176 698 1236 nectar
721 1169 774 1251 qui
797 1169 928 1233 naribus
949 1168 1059 1252 halat,

271 1305 342 1348 oum
364 1285 472 1351 iacere
494 1285 661 1359 instituas,
679 1304 750 1347 oum
772 1283 883 1367 primis
907 1302 1061 1365 quaerere
1084 1303 1145 1367 par
1168 1291 1235 1360 est,

196 1415 246 1463 858
272 1418 334 1479 quo
357 1398 398 1462 ad
421 1399 495 1463 licet
517 1420 556 1463 ao
578 1399 661 1483 potis
684 1417 719 1463 es
742 1397 901 1481 reperire,
918 1397 1069 1462 inolentis
1093 1398 1168 1462 olivi

271 1518 415 1576 naturam
431 1565 438 1589 ‚
454 1514 574 1578 nullam
598 1533 680 1594 quae
702 1512 806 1576 mittat
827 1512 958 1576 naribus
981 1533 1116 1596 auram,

271 1609 364 1706 quam
389 1627 516 1692 minime
540 1634 574 1691 ut
596 1627 696 1711 possit
719 1628 834 1690 mixtos
855 1627 886 1690 in
911 1645 1042 1709 corporo
1066 1625 1181 1690 odores

271 1746 502 1822 concoctosque
525 1762 583 1806 suo
607 1747 812 1807 contractans
834 1740 968 1823 perdere
991 1740 1079 1824 viro,

269 1861 400 1938 propter
420 1855 554 1920 eandem
577 1877 641 1919 rem
667 1854 785 1920 debent
807 1854 981 1938 primordia
1003 1873 1108 1919 rerum

194 1988 244 2035 855
270 1989 334 2033 888
357 1969 510 2033 adhibere
533 1991 624 2034 suum
648 1969 823 2052 gignundis
845 1969 941 2033 rebus
966 1969 1116 2044 odorem,

269 2100 327 2145 888
351 2084 507 2162 sonitum,
525 2085 676 2166 quoniam
698 2084 742 2148 nil
766 2084 807 2146 ab
831 2102 866 2147 88
889 2083 1013 2148 mittere
1032 2087 1186 2166 possunt,

269 2214 328 2260 nec
352 2197 444 2261 simili
466 2199 590 2264 ratione
615 2219 763 2282 saporem
787 2197 925 2278 denique
948 2216 1142 2278 quemquam

269 2329 330 2373 nec
351 2309 453 2396 frigus
476 2332 579 2394 neque
602 2313 677 2376 item
701 2312 840 2377 calidum
862 2311 1069 2395 tepidumque
1093 2331 1265 2394 vaporem,

269 2431 394 2508 cetera3
412 2446 494 2507 quae
519 2447 589 2492 cum
612 2427 657 2489 118
680 2433 752 2490 8881
773 2431 880 2488 18888
902 2432 936 2489 81
957 2425 1104 2490 mortalia
1125 2431 1291 2501 constent,

195 2557 245 2603 888
269 2539 357 2602 molli
381 2540 487 2623 lenta,
505 2540 637 2621 fragosa
660 2541 762 2623 putri,
780 2561 860 2604 cava
883 2559 1015 2624 corpore
1037 2559 1132 2616 raro,

270 2653 378 2717 omnia
400 2654 463 2718 sint
485 2675 505 2718 8
527 2655 690 2738 principiis
714 2655 857 2720 seiuncta
877 2659 1059 2729 necessest,

269 2766 452 2832 inmortalia
475 2769 502 2834 si
524 2770 670 2834 volumus
694 2769 888 2850 subiungere
912 2769 1006 2833 rebus

269 2880 494 2964 fundamenta,
513 2883 627 2962 quibus
649 2882 767 2946 nitatur
791 2903 915 2947 summa
937 2882 1069 2964 salutis3

270 3014 311 3058 ne
333 2995 389 3058 tibi
414 3015 465 3060 res
488 2995 621 3060 redeant
643 2995 684 3059 ad
707 2996 806 3060 nilum
828 2995 969 3060 funditus
993 3015 1123 3060 omnes.

195 3126 245 3174 885
313 3109 405 3172 Nunc
427 3129 465 3174 88
489 3129 570 3190 quae
594 3110 712 3174 sentire
735 3110 878 3174 videmus
901 3130 1035 3192 cumque
1057 3115 1220 3175 necessest

270 3241 310 3286 ex
332 3222 537 3288 insensilibus
559 3230 667 3288 tamen
692 3225 798 3288 omnia
820 3224 989 3288 confiteare

270 3335 433 3421 principiis
457 3345 623 3404 constare.
640 3359 743 3420 neque
766 3339 798 3402 id
822 3337 1004 3403 manufesta
1027 3336 1169 3402 refutant

270 3469 329 3515 888
352 3457 462 3515 contra
484 3458 647 3534 pugnant,
663 3453 695 3516 in
718 3458 867 3536 promptu
890 3451 1018 3535 cognita
1041 3470 1122 3532 quae
1145 3456 1238 3534 sunt,

271 3562 327 3628 sed
351 3565 454 3646 magis
477 3565 547 3648 ipsa
569 3587 665 3631 manu
689 3567 806 3632 ducunt
828 3571 859 3632 et
883 3565 1015 3632 credere
1038 3571 1154 3649 cogunt
1179 3541 1181 3548 ’

196 3696 246 3745 suo
272 3697 313 3744 ex
334 3678 560 3756 insensilibus,
578 3681 662 3762 quod
685 3681 778 3764 dico,
795 3679 946 3744 animalia
968 3680 1077 3762 gigni.

271 3793 389 3877 quippe
410 3791 520 3858 videre
542 3793 618 3859 licet
639 3795 729 3861 vivos
753 3795 889 3859 existere
910 3813 1036 3858 vermes

206 3929 210 3940 ¹
270 3911 409 3972 stercore
430 3907 470 3974 de
493 3914 615 3985 taetro,
631 3914 776 3993 putorem
799 3927 870 3972 cum
893 3908 952 3972 sibi
975 3913 1068 3974 nacta
1091 3912 1140 3973 est

271 4019 502 4104 intempestivis
525 4043 564 4088 ex
585 4022 740 4087 imbribus
762 4021 869 4087 umida
891 4022 1006 4105 tellus;

273 4287 323 4335 845
343 4284 451 4354 8188811
472 4288 522 4336 846
541 4288 671 4351 proprium
691 4285 704 4357 ΙΙ
724 4291 775 4340 850
795 4290 869 4352 Quod
894 4285 907 4358 ΙΙ
932 4290 1012 4354 possis
1033 4285 1046 4357 11
1066 4287 1117 4338 853
1137 4292 1279 4336 contractas
1303 4281 1317 4353 ΙΙ
1340 4285 1392 4334 854

272 4386 325 4422 rem
343 4375 482 4424 omissum.
504 4369 517 4442 ΙΙ
538 4376 589 4423 860
607 4375 699 4424 Mollia
718 4372 732 4446 d
753 4379 801 4425 867
823 4378 961 4426 consistere
981 4375 994 4444 Η
1014 4379 1147 4438 reputant.
1168 4368 1182 4442 11
1203 4374 1252 4422 872
1273 4372 1358 4422 inacta
