3140 5036
302 423 363 488 114
836 419 879 484 ΙΙΙ

342 591 488 672 Denique
509 594 596 654 tanto
619 611 715 675 opere
736 591 770 655 in
791 590 896 657 dubiis
919 590 1082 676 trepidare
1103 591 1232 675 petiolis

300 723 382 786 quae
405 705 490 769 mala
513 725 572 769 nos
594 705 712 787 subigit
733 706 809 771 vitai
831 712 921 771 tanta
943 705 1086 790 cupido?

299 825 384 884 certa
407 818 534 901 quidem
556 819 627 885 finis
648 821 735 886 vitae
758 821 942 886 mortalibus
965 822 1093 904 adstat,

300 955 359 1000 neo
381 935 515 999 devitari
537 935 634 999 letum
656 941 750 1019 pote,
767 936 843 1016 quin
867 937 1041 1002 obeamus.

216 1069 283 1117 roso
299 1055 467 1134 praeterea
489 1068 654 1115 versamur
675 1049 792 1115 ibidem
815 1056 911 1132 atque
933 1051 1075 1116 insumus
1098 1070 1219 1132 usque,

299 1186 359 1230 neo
381 1185 465 1230 nova
484 1163 619 1228 vivendo
641 1163 825 1246 procuditur
846 1165 913 1228 ulia
936 1165 1102 1247 voluptas:

299 1280 356 1346 sed
380 1279 454 1343 dum
477 1279 570 1343 abest
591 1277 675 1360 quod
698 1297 848 1355 avemus,
865 1279 897 1342 id
920 1298 1116 1362 exsuperare
1138 1279 1262 1343 videtur

300 1402 424 1460 cetera:
440 1398 514 1478 post
536 1393 633 1470 aliut,
650 1413 720 1456 oum
744 1393 874 1476 contigit
896 1393 995 1476 illud,
1013 1411 1165 1469 avemus,

300 1515 331 1575 et
353 1507 422 1574 sitis
445 1527 549 1588 aequa
571 1512 658 1572 tenet
679 1507 756 1572 vitai
779 1527 905 1590 semper
927 1507 1064 1572 biantis.
1184 1579 1189 1594 ι

218 1646 283 1693 1085
299 1628 492 1710 posteraque
513 1622 547 1684 in
570 1621 698 1685 dubiost
720 1619 878 1685 fortunam
903 1642 995 1702 quarn
1019 1620 1116 1685 vebat
1139 1627 1248 1696 aetas,

301 1737 415 1820 quidve
437 1734 521 1799 ferat
543 1734 636 1798 nobis
659 1755 751 1799 oasus
775 1736 868 1817 quive
891 1735 993 1800 exitus
1017 1736 1131 1800 instet.

299 1871 360 1915 neo
381 1870 528 1934 prorsum
550 1850 647 1913 vitam
670 1849 816 1914 ducendo
840 1849 995 1913 deotimus
1016 1849 1115 1914 hilum

300 1973 442 2049 tempore
466 1963 506 2029 de
530 1964 640 2028 mortis
662 1983 722 2028 neo
746 1965 889 2028 delibare
911 1964 1076 2048 valemus,

301 2099 362 2161 quo
386 2079 490 2143 minus
512 2098 582 2143 esse
606 2078 661 2142 diu
682 2079 842 2162 possimus
865 2077 947 2144 forte
970 2079 1145 2162 perempti.

219 2215 285 2262 1090
301 2192 434 2279 proinde
457 2194 531 2258 lioet
553 2193 698 2274 quotvis
721 2193 857 2258 vivendo
881 2193 1019 2258 condere
1043 2194 1170 2258 saecla:

300 2329 386 2373 mors
409 2314 541 2372 aeterna
563 2314 670 2371 tamon
693 2307 758 2371 nilo
781 2308 884 2374 miuus
906 2309 964 2372 illa
987 2308 1147 2383 manebit,

301 2444 361 2488 neo
383 2423 485 2487 minus
507 2424 562 2486 ille
585 2422 639 2486 diu
663 2422 726 2486 iam
751 2443 816 2487 nou
839 2422 917 2504 erit,
936 2442 975 2486 ex
999 2422 1154 2488 hodierno

301 2537 421 2601 iumine
445 2535 499 2616 qui
521 2535 614 2600 finem
637 2536 713 2600 vitai
735 2535 830 2614 feeit3
847 2542 877 2601 et
899 2536 975 2620 ille,

302 2650 465 2716 mensibus
488 2655 581 2732 atque
604 2651 697 2716 anuis
721 2651 776 2733 qui
797 2651 904 2716 multis
928 2653 1045 2716 oooidit
1067 2658 1161 2717 ante.

306 2921 372 2968 1078
391 2918 465 2968 Certe
483 2919 599 2981 equidem
620 2914 634 2985 Η
656 2919 721 2966 1084
739 2917 847 2967 biantis.
872 2918 885 2986 11
912 2921 978 2968 1085
998 2919 1100 2967 fortuna
1125 2916 1137 2985 ΙΙ
1164 2921 1230 2968 1088
1250 2919 1389 2968 deliberare
1411 2918 1425 2988 Η
1478 2931 1479 2940 ’

307 3009 372 3056 1089
392 3022 523 3069 possumus
