3108 5034
239 425 282 487 54
787 415 819 479 11

164 610 214 660 415
240 589 273 654 111
297 607 393 654 nares
416 587 597 672 homiuum,
615 607 686 651 cum
707 591 811 650 taetra
833 584 994 650 cadavera
1015 588 1155 669 torrent,

242 710 366 770 etcum
389 722 486 769 scena
509 723 602 768 croco
629 701 717 767 Cilici
740 700 870 784 perfusa
890 719 1002 765 recens
1025 705 1073 764 est

241 837 363 898 araque
386 817 571 883 Panchaeos
594 816 724 881 exhalat
745 821 875 898 propter
898 815 1037 893 odores3

241 952 324 998 neve
346 932 449 996 bonos
470 952 574 996 rerum
597 931 693 996 simili
716 934 863 993 constare
886 929 1010 992 colores
1093 917 1098 926 ’

237 1031 364 1111 'semine
387 1047 580 1128 constituas,
598 1045 708 1109 oculos
731 1043 785 1126 qui
806 1060 940 1128 pascere
961 1051 1116 1128 possunt,

168 1183 219 1230 420
244 1168 275 1226 et
298 1161 350 1243 qui
373 1167 580 1245 conpungunt
601 1160 704 1223 aciem
727 1157 961 1237 lacrimareque
984 1165 1102 1241 cogunt

244 1280 300 1340 aut
321 1273 419 1339 foeda
440 1275 547 1359 specie
571 1273 630 1336 diri
653 1279 824 1357 turpesque
846 1271 1017 1336 videntur.

244 1389 347 1454 omnis
370 1389 473 1472 enirn,
491 1408 603 1453 sensus
628 1407 712 1474 quae
735 1387 852 1451 mulcet
876 1405 1028 1466 cumque,
1045 1385 1147 1467 ligura

246 1503 323 1566 haut
346 1503 413 1565 sine
435 1503 604 1586 principali
629 1503 736 1582 aliquo
759 1502 867 1565 levore
891 1507 1047 1566 creatast:

247 1622 411 1680 utcontra
434 1634 516 1695 quae
539 1635 672 1696 cumque
694 1617 831 1680 molesta
854 1623 950 1697 atque
974 1635 1092 1700 aspera
1114 1621 1259 1700 constat,

173 1751 224 1798 425
249 1749 314 1792 non
336 1728 446 1810 aliquo
470 1729 540 1793 sinc
562 1729 714 1801 materiae
737 1731 886 1809 squalore
909 1736 1085 1814 repertast.

248 1850 320 1909 sunt
343 1843 438 1907 etiam
462 1863 543 1924 quae
566 1845 630 1908 iam
653 1863 714 1908 nec
735 1843 821 1907 levia
843 1845 910 1908 iure
932 1850 1083 1928 putantur

250 1977 322 2023 osse
344 1977 449 2038 neque
473 1959 600 2022 omnino
623 1957 714 2022 flexis
737 1959 940 2023 mucronibus
960 1977 1062 2040 unca,

252 2070 309 2134 sed
331 2073 435 2154 magis
458 2072 595 2152 angellis
617 2072 746 2156 paulum
768 2073 991 2155 prostantibu',
1009 2091 1154 2154 quaeque

251 2183 381 2250 titillare
403 2187 506 2270 magis
528 2207 639 2252 sensus
663 2206 759 2267 quam
782 2185 910 2250 laedere
932 2193 1102 2270 possunt3.

177 2319 228 2367 430
253 2297 359 2364 fecula
381 2301 446 2366 iam
469 2321 530 2382 quo
554 2303 594 2366 de
616 2321 735 2384 genere
757 2306 806 2365 est
826 2301 997 2382 inulaeque
1020 2321 1173 2384 sapores.

254 2412 391 2495 deniqne
413 2416 476 2478 iam
499 2416 622 2481 calidos
643 2417 727 2499 iguis
750 2417 953 2499 gelidamque
975 2415 1121 2498 pruinam

255 2510 402 2591 dissimili
426 2529 555 2593 dentata
576 2532 672 2597 modo
695 2551 898 2614 conpungere
922 2548 1034 2594 sensus

255 2644 417 2728 corporis,
433 2645 551 2710 indicio
574 2648 666 2712 nobis
689 2655 737 2712 est
758 2653 862 2712 tactus
883 2652 1037 2728 uterque.

255 2764 358 2823 tactus
381 2760 485 2838 enim,
503 2766 604 2824 tactus
619 2813 626 2837 ‚
642 2782 720 2844 pro,
737 2763 844 2824 divum
866 2759 996 2850 numina
1018 2763 1150 2841 sancta,

181 2893 232 2941 435
258 2874 400 2957 corporis
425 2879 473 2938 est
495 2893 608 2946 sensus
620 2924 626 2950 ‚
643 2875 695 2936 vel
717 2893 787 2936 cum
809 2893 860 2938 res
884 2880 994 2938 extera
1017 2891 1088 2936 sese

257 2986 413 3070 insinuat,
430 2987 480 3050 vel
504 3007 574 3050 cum
597 2987 697 3052 laedit
720 3007 802 3072 quac
824 2988 858 3051 in
880 3006 1012 3070 corpore
1034 2993 1142 3052 natast

257 3105 313 3163 aut
334 3099 422 3164 iuvat
444 3101 613 3184 egrediens
638 3104 786 3186 genitalis
808 3124 865 3188 per
887 3102 1022 3168 Veneris
1046 3122 1138 3168 res.-

259 3220 355 3296 atque
377 3234 417 3281 ex
431 3217 563 3282 offensu
585 3238 655 3283 curn
676 3220 805 3283 turbant
827 3238 961 3302 corpore
982 3219 1015 3280 in
1038 3217 1108 3300 ipso

260 3329 403 3414 semina,
421 3330 617 3396 confundunt
639 3334 720 3397 inter
743 3353 777 3397 se
801 3334 924 3397 concita
946 3349 1094 3409 sensum;

184 3461 235 3508 440
258 3447 293 3504 ut
315 3443 343 3506 si
365 3443 445 3508 forte
467 3465 562 3508 manu
586 3445 730 3526 quamvis
751 3447 816 3510 iam
839 3445 980 3530 corporis
1002 3445 1073 3528 ipse

260 3560 326 3620 tute
348 3555 406 3619 tibi
428 3563 553 3640 partem
575 3557 670 3623 serias
694 3567 788 3641 atque
811 3559 998 3642 experiare.

261 3689 323 3752 qua
345 3672 592 3768 propterlonge
615 3671 736 3736 formas
760 3673 878 3737 distare
901 3678 1063 3737 necessest

259 3785 442 3869 principiis,
458 3785 563 3850 varios
586 3806 669 3868 quae
691 3787 815 3870 possint
838 3786 933 3851 cdere
957 3807 1090 3852 sensus.

299 3900 446 3981 Denique
469 3919 553 3981 quae
576 3900 668 3966 nobis
692 3901 806 3966 durata
829 3921 866 3966 ac
889 3901 994 3984 spissa
1015 3902 1180 3987 ridentur,

261 4081 461 4091 -——-—..-.-

264 4167 313 4248 421
334 4201 360 4248 di
381 4197 394 4268 11
414 4205 464 4250 422
478 4204 609 4252 ridentur.
631 4203 645 4274 11
665 4207 715 4254 423
735 4203 815 4274 Α11111
836 4207 930 4255 leviore
949 4201 963 4274 11
983 4207 1033 4252 427
1053 4219 1184 4266 uncaque.
1206 4199 1218 4268 11
1239 4206 1290 4251 428
1305 4219 1381 4265 ange-

257 4281 339 4351 ’111111
360 4302 473 4348 quaeque
498 4289 637 4340 omissum.
653 4287 671 4357 11
691 4295 741 4340 429
767 4292 884 4340 Titiliare
905 4289 917 4360 11
938 4294 989 4340 430
1014 4291 1081 4353 quod
1101 4287 1114 4357 11
1139 4287 1271 4350 inulaeque
1291 4285 1304 4356 11
1329 4291 1379 4338 437

264 4371 381 4436 grediens
401 4370 414 4440 11
434 4377 485 4424 438
503 4376 558 4423 Aut
1160 4367 1162 4372 ’
