3140 5036
287 381 349 445 174
832 377 861 442 V

211 567 260 614 517
286 553 334 612 est
357 547 454 612 etiam
477 568 603 631 quoque
625 549 671 614 uti
694 548 794 632 possit
816 529 940 614 caetum
964 567 1057 614 omne
1078 568 1210 614 manere

284 661 318 725 in
340 662 496 741 statione,
513 669 621 728 tamen
644 682 714 728 oum
736 661 844 727 lucida
866 662 961 744 signa
982 661 1144 747 ferantur3

284 775 350 840 sive
373 776 466 856 quod.
480 776 593 842 inclusi
615 776 721 860 rapidi
743 781 816 841 sunt
840 775 981 842 aetheris
1004 783 1133 861 aestus,

209 909 260 956 ono
286 895 538 973 quaerentesque
560 890 647 956 viam
670 891 784 955 circum
806 896 974 956 versantur
995 896 1026 957 ot
1048 891 1139 974 ignes
1223 912 1225 917 ·

284 1003 403 1087 passim
425 1023 484 1088 per
507 1005 589 1070 caeli
612 1005 743 1070 volvunt
764 1005 918 1070 immania
940 1007 1059 1090 templa
1071 1029 1079 1085 ;

284 1119 351 1184 sive
374 1118 503 1183 aliunde
525 1118 626 1184 fluens
649 1119 797 1184 alicunde
820 1119 1017 1185 extrinsecus
1039 1127 1094 1185 ae'r

284 1237 391 1296 versat
414 1251 516 1313 agens
537 1233 650 1316 ignes3
667 1235 734 1299 sive
755 1234 816 1317 ipsi
840 1253 969 1316 serpere
991 1240 1125 1318 possunt

285 1366 346 1429 quo
369 1347 522 1428 cuiusque
546 1348 635 1413 cibus
657 1355 751 1413 vocat
772 1355 868 1430 atque
890 1348 1002 1413 invitat
1024 1349 1166 1432 aventis,

205 1481 260 1528 ono
284 1460 433 1527 flammea
455 1482 512 1545 per
534 1464 657 1528 caelum
679 1463 841 1547 pascentis
863 1483 999 1546 corpora
1021 1463 1160 1546 passim.

284 1596 358 1640 narn
382 1576 458 1658 quid
480 1577 514 1640 in
536 1579 597 1642 hoe
619 1577 738 1641 mundo
761 1577 802 1641 sit
824 1597 933 1642 eorum
955 1597 1074 1660 ponere
1099 1583 1219 1642 certum

212 1735 216 1743 ,
286 1673 416 1756 difficile
440 1697 506 1756 est:
524 1691 581 1756 sed
603 1691 678 1773 quid
700 1691 801 1775 possit
822 1691 942 1774 fiatque
962 1710 1021 1775 per
1044 1711 1137 1756 omne

284 1804 317 1867 in
336 1805 433 1870 variis
454 1805 580 1870 mundis
602 1806 694 1871 varia
716 1806 839 1870 ratione
863 1806 998 1890 creatis,

284 1917 318 1980 id
340 1917 461 2002 doceo,
477 1920 643 2003 plurisque
666 1939 782 2002 sequor
805 1920 975 2004 disponere
998 1939 1132 2002 causas,

210 2051 260 2098 530
286 2021 421 2098 motibus
445 2040 602 2098 astrorum
625 2053 707 2116 quae
729 2034 855 2118 possint
878 2054 949 2100 esse
971 2054 1028 2118 per
1051 2052 1165 2116 omne3

285 2165 303 2210 e
326 2147 438 2229 quibus
461 2169 525 2212 una
546 2154 655 2215 tamen
677 2148 738 2214 siet
759 2149 839 2214 haec
862 2169 988 2233 quoque
1011 2167 1108 2213 eausa
1131 2152 1310 2238 necessest,

286 2279 367 2342 quae
389 2270 506 2346 vegeat
528 2269 647 2328 motum
670 2264 788 2348 signis:
805 2264 863 2328 sed
886 2283 971 2346 quae
992 2263 1034 2328 sit
1056 2281 1166 2326 earum

285 2376 471 2459 praecipere
494 2376 571 2441 haut
594 2383 786 2459 quaquamst
807 2376 1012 2461 pedetentim
1035 2373 1312 2462 progredientis]

324 2492 488 2572 Terraque
510 2491 598 2555 utin
620 2492 728 2556 media
752 2490 859 2555 mundi
881 2489 1013 2573 regione
1037 2489 1204 2572 quiescat,

211 2622 261 2669 535
287 2623 481 2670 evanescere
502 2605 658 2689 paulatim
681 2612 712 2670 et
734 2606 919 2672 decrescere
941 2603 1068 2690 pondus

288 2719 454 2797 convenit,
471 2724 567 2800 atque
591 2720 689 2792 aliam
711 2726 858 2784 naturam
883 2725 991 2804 supter
1012 2719 1154 2800 habere,

286 2851 327 2897 cx
340 2832 477 2904 ,ineunte
500 2855 578 2899 aevo
603 2835 803 2898 coniunctam
826 2841 922 2915 atque
943 2833 1048 2898 uniter
1070 2839 1177 2916 aptam

286 2947 431 3031 partibus
454 2948 548 3012 aeriis
571 2947 699 3032 mundi,
717 2948 832 3030 quibus
855 2947 951 3011 insita
974 2947 1091 3012 crevit.

287 3068 459 3144 propterea
481 3083 546 3128 non
568 3069 617 3128 est
639 3062 728 3128 oneri
750 3081 854 3144 neque
877 3061 1026 3145 deprimit
1048 3079 1165 3139 auras;

213 3193 263 3241 540
290 3180 323 3238 ut
345 3195 405 3239 sua
427 3176 540 3258 cuique
563 3177 682 3242 homini
705 3177 793 3242 nullo
817 3182 889 3241 sunt
910 3175 1053 3260 pondere
1075 3174 1236 3257 membra,

255 3366 259 3374 Ι
286 3307 346 3353 nec
369 3296 463 3373 caput
485 3297 532 3356 est
554 3291 645 3356 oneri
668 3293 751 3357 colio
765 3342 772 3368 ,
788 3310 848 3356 neo
871 3291 1009 3372 denique
1031 3295 1131 3354 totum

202 3466 206 3470 .
287 3405 429 3485 corporis
451 3404 485 3467 in
506 3405 643 3488 pedibus
665 3405 791 3489 pondus
815 3405 968 3470 sentimus
990 3405 1115 3468 inesse:

288 3521 321 3578 at
345 3536 428 3597 quae
451 3537 586 3600 cumque
607 3518 685 3582 foris
707 3518 838 3582 veniunt
858 3519 1048 3601 inpostaque
1070 3515 1164 3580 nobis

287 3630 433 3713 pondera
456 3636 529 3695 sunt
551 3631 703 3714 laedunt,
720 3632 877 3714 permulto
900 3651 998 3713 saepe
1020 3630 1166 3694 minora.

213 3764 262 3810 ers
288 3764 389 3826 usque
412 3746 494 3809 adeo
517 3743 627 3826 magni
650 3743 748 3808 refert
771 3745 847 3826 quid
870 3763 1015 3826 quaeque
1039 3749 1133 3809 aveat
1154 3761 1228 3807 res.

288 3859 334 3923 sic
356 3859 450 3941 igitur
472 3859 565 3924 tellus
588 3879 652 3922 non
676 3863 725 3922 est
746 3857 853 3922 aliena
871 3863 1006 3941 repente

218 4215 221 4222 ,
290 4157 428 4208 5181ucia
450 4154 463 4224 Η
485 4159 534 4206 521
554 4157 697 4206 summania
717 4152 730 4224 Η
751 4159 801 4206 524
816 4137 920 4206 euntis.
942 4152 955 4224 Η
975 4157 1025 4206 528
1045 4157 1141 4207 creati.
1163 4154 1175 4221 Η
1196 4157 1246 4204 530
1260 4169 1377 4203 omnem.
1400 4151 1414 4222 Η

291 4247 340 4294 531
365 4245 398 4294 sit
420 4242 489 4311 etii
518 4245 568 4293 532
593 4245 679 4307 vigeat
705 4239 718 4309 Η
743 4245 793 4292 533
810 4243 953 4306 pedetemti
978 4243 1166 4306 progredientes
1189 4237 1204 4308 Η
1231 4243 1280 4290 536
1304 4256 1378 4304 snper
1402 4241 1416 4310 Η

292 4333 341 4381 537
362 4331 450 4380 ineunt
470 4327 483 4400 Η
503 4333 553 4380 538
572 4331 651 4379 vivit.
674 4326 688 4399 Η
709 4330 758 4378 545
780 4331 850 4394 magi
871 4329 884 4396 Η
905 4336 997 4390 quaeat
