3108 5034
257 381 300 448 52
803 375 835 440 11

255 546 421 630 sanguinis
444 547 596 632 expirans
619 544 758 610 calidum
781 546 822 612 de
844 551 974 631 pectore
996 545 1133 611 flumen:

180 680 230 728 aco
255 665 288 724 at
310 667 414 725 mater
435 660 545 726 viridis
567 661 670 726 saltus
694 661 808 725 orbata
831 679 1009 744 peragrans
1202 663 1222 712 i

254 773 358 838 noscit
380 775 465 840 lrumi
488 774 624 859 pedibus
647 775 781 855 vestigia
803 794 917 858 pressa
939 774 1091 850 bisulcis,

258 888 365 952 omnia
388 888 557 954 convisens
580 889 681 954 oculis
704 889 774 952 loca
788 939 795 966 ‚
811 889 837 952 si
861 894 959 968 queat
980 907 1117 969 usquam

257 1001 442 1084 conspicere
465 1001 616 1067 amissum
640 1002 760 1085 letum,
777 1001 977 1084 completque
1000 1001 1151 1082 querellis

254 1115 462 1180 frondiferum
485 1135 598 1181 nemus
622 1115 807 1193 adsiduas,
824 1120 854 1178 et
876 1115 988 1180 crebra
1010 1115 1120 1180 revisit

180 1247 230 1296 seo
255 1230 295 1293 ad
319 1229 499 1305 stabulum,
516 1228 675 1295 desiderio
697 1229 819 1314 perfixa
842 1229 988 1312 iuvenci,

254 1362 313 1408 uec
334 1347 464 1408 tenerae
487 1343 602 1410 salices
626 1351 720 1426 atque
742 1343 862 1410 herbae
883 1363 955 1409 rore
977 1345 1124 1425 vigentes

252 1451 447 1538 fluminaque
468 1458 525 1522 illa
547 1465 666 1540 queunt
688 1459 818 1523 summis
839 1459 982 1523 labentia
1005 1458 1082 1541 ripis

254 1570 418 1636 oblectare
441 1573 580 1635 animum
602 1573 792 1653 solitamque
815 1580 960 1637 avertere
983 1591 1112 1647 euram,

255 1703 315 1749 nec
337 1685 507 1750 vitulorum
529 1685 611 1750 aliae
635 1687 759 1771 species
781 1707 839 1770 per
859 1687 981 1770 pabula
1003 1687 1088 1750 laeta

180 1815 230 1864 aec
254 1799 401 1864 derivare
426 1807 544 1880 queunt
566 1801 706 1865 animum
729 1821 872 1891 curaque
891 1802 1019 1865 levare:
1049 1787 1052 1796 ¹

254 1912 456 1994 usqueadeo
481 1914 631 1996 quiddam
655 1917 817 1999 proprium
840 1921 1011 1996 notumque
1035 1915 1184 1995 requirit.

256 2035 424 2110 praetcrea
446 2031 547 2094 teneri
569 2029 711 2094 tremulis
734 2050 805 2094 cum
823 2029 955 2095 vocibus
978 2027 1072 2092 haedi

254 2143 439 2224 cornigeras
461 2152 578 2209 norunt
600 2150 736 2228 matres,
754 2145 892 2228 agnique
914 2143 1032 2226 petulci

252 2255 417 2322 balantum
439 2259 600 2343 pecudes:
617 2260 681 2342 ita,
700 2259 785 2342 quod
806 2263 924 2322 natura
946 2257 1107 2341 reposcit,

179 2388 229 2437 ano
254 2372 295 2435 ad
319 2393 377 2437 sua
400 2376 536 2455 quisque
559 2375 627 2438 fere
651 2373 821 2436 decurrunt
841 2372 940 2435 ubera
959 2371 1071 2436 lactis.

253 2493 413 2568 postremo
438 2487 573 2568 quodvis
596 2487 786 2551 frumentum
808 2506 873 2550 non
896 2492 1001 2549 temen
1028 2505 1122 2550 omne

163 2666 165 2671 ,
254 2600 370 2682 quique
393 2621 451 2666 suo
473 2621 591 2686 genere
613 2603 694 2666 iuter
715 2621 750 2667 se
775 2601 877 2666 simile
900 2619 972 2666 esse
994 2599 1140 2683 videbis,

254 2715 329 2796 quin
352 2715 539 2780 intercurrat
562 2717 722 2798 quaedam
745 2715 898 2781 distantia
920 2715 1050 2780 sormis.

254 2830 511 2908 concharumque
535 2849 637 2908 genus
660 2831 754 2912 parili
777 2831 899 2893 ratione
920 2829 1065 2894 videmus

178 2961 228 3009 375
252 2941 387 3024 pingere
410 2941 533 3004 telluris
555 2941 730 3023 gremium,
748 2963 813 3024 qua
834 2943 984 3008 mollibus
1006 2944 1100 3007 undis

251 3055 351 3118 litoris
373 3054 495 3118 incurvi
519 3055 661 3121 bibulam
685 3058 773 3140 pavit
795 3078 917 3140 aequor
939 3057 1112 3122 harenam.

254 3188 352 3250 quare
375 3169 472 3236 etiam
496 3178 592 3252 atque
616 3151 711 3238 ctiam
733 3173 828 3238 simili
851 3174 974 3238 ratione
997 3175 1179 3251 neeessest,

251 3291 367 3350 natura
390 3288 542 3374 quoniam
565 3294 712 3350 constant
734 3307 837 3367 nequo
860 3287 946 3351 facta
968 3305 1067 3349 manu
1090 3289 1162 3348 sunt

253 3399 346 3462 unius
368 3399 412 3462 ad
434 3408 553 3464 certam
576 3399 712 3463 formam
732 3401 908 3483 primordia
929 3419 1055 3480 rernm,

177 3525 227 3578 380
253 3511 401 3614 dissimili
422 3513 504 3576 inter
526 3533 561 3578 se
585 3513 743 3593 quaedam
766 3515 900 3579 volitare
923 3515 1047 3596 figura.

294 3624 450 3691 Perfacile
473 3633 521 3691 est
542 3627 599 3690 tali
623 3628 744 3693 ratione
768 3630 932 3693 exsolvere
955 3624 1047 3690 nobis

161 3760 162 3763 ’
251 3760 351 3824 quare
373 3739 542 3806 fulmineus
565 3741 664 3804 multo
687 3743 884 3825 penetralior
906 3741 989 3823 ignis

252 3875 348 3936 quam
370 3861 478 3920 noster
499 3854 567 3918 suat
590 3874 608 3919 c
630 3855 731 3921 taedis
753 3855 953 3921 terrestribus
976 3858 1081 3916 ortus:

253 4156 305 4203 sot
324 4154 444 4204 callidum
463 4153 476 4225 Η
497 4159 547 4206 3⁵6
566 4137 713 4226 Nonquitll
735 4159 784 4208 359
803 4155 924 4206 adsittens
946 4160 971 4202 et
993 4152 1079 4204 revisit
1102 4151 1206 4202 crebra.
1228 4150 1240 4218 Η
1262 4155 1312 4203 363
1332 4170 1374 4205 su·

252 4239 380 4303 bitamque
401 4240 414 4311 Η
435 4245 483 4292 371
502 4243 619 4314 quodviis
639 4243 652 4314 Η
673 4248 722 4294 372
747 4245 864 4306 Quidque
883 4239 896 4308 Η
917 4243 965 4290 381
986 4242 1065 4291 animi
1086 4239 1099 4308 Η
1120 4241 1170 4287 382
1189 4239 1265 4301 igne.
1287 4243 1299 4312 ll
1321 4246 1372 4300 383

253 4325 316 4380 fluet
