3140 5036
292 355 351 419 aaa
373 299 379 328 ²
819 351 876 414 uu

215 541 264 588 roo
289 539 351 582 non
375 527 542 604 penetrat,
559 542 622 603 qua
645 541 706 584 vox
729 522 824 604 volgo
847 521 1029 602 sonitusque
1051 520 1213 585 feruntur.
1244 577 1246 583 Α

288 655 385 716 quare
406 636 499 700 etiam
524 636 609 716 quod
633 636 697 700 olet
721 655 783 698 non
806 641 871 699 tam
894 633 990 699 facile
1014 655 1086 700 esse
1108 635 1232 701 videbis

288 749 484 830 investigare
507 751 538 814 in
564 770 627 832 qua
648 749 689 815 sit
710 749 842 832 regione
865 749 1026 813 locatum:

288 862 465 944 refrigescit
488 865 570 930 enim
593 862 771 929 cunctando
793 864 892 946 plaga
914 883 972 947 per
994 883 1109 947 aurae,

289 996 347 1042 nco
370 978 475 1042 calida
498 978 540 1042 ad
563 997 691 1043 sensum
715 977 886 1042 decurrunt
907 977 1016 1041 nuntia
1037 997 1160 1042 rerum.

216 1110 264 1157 roo
290 1098 395 1155 errant
418 1111 516 1176 saepe
538 1113 635 1158 canes
656 1092 765 1173 itaque
788 1097 819 1156 et
840 1091 977 1173 vestigia
1000 1098 1175 1173 quaerunt.

329 1205 411 1292 [Neo
433 1212 540 1272 tamen
564 1208 625 1272 boc
646 1207 723 1272 solis
744 1207 777 1269 in
801 1205 952 1270 odoribus
975 1212 1069 1286 atque
1093 1226 1244 1290 saporum

288 1318 320 1382 in
343 1328 511 1401 generest,
528 1321 585 1386 sed
607 1322 681 1386 item
706 1321 830 1404 species
852 1341 955 1386 rerum
978 1327 1074 1401 atque
1094 1322 1217 1385 colores

288 1453 353 1496 non
375 1434 420 1497 ita
442 1437 632 1500 conveniunt
654 1435 697 1499 ad
720 1453 832 1498 sensus
855 1435 1001 1500 omnibus
1024 1455 1152 1512 omnm,

287 1553 320 1609 ut
343 1569 406 1611 non
429 1549 491 1612 sint
513 1550 584 1614 aliis
607 1549 765 1630 quaedam
790 1549 894 1628 magis
917 1549 1004 1612 acria
1026 1547 1115 1612 visu.

214 1679 263 1725 rro
287 1661 363 1740 quin
387 1664 482 1726 etiam
505 1664 646 1746 gallum,
663 1669 788 1727 noctem
813 1662 1079 1744 explaudentibus
1101 1662 1161 1728 alis

286 1795 436 1841 auroram
459 1778 549 1842 clara
572 1781 755 1842 consuetum
779 1795 856 1840 voce
879 1795 1015 1860 vocare,

288 1909 393 1954 noenu
416 1899 536 1974 queunt
558 1891 661 1956 rabidi
684 1896 793 1956 contra
816 1896 965 1956 constare
987 1891 1097 1957 leones

287 2003 383 2084 inque
405 2007 505 2070 tueri:
522 2006 567 2070 ita
589 2005 739 2072 continuo
761 2005 935 2070 meminere
957 2006 1064 2089 fugai,

280 2118 318 2180 'ni
340 2119 470 2204 mirum,
489 2120 564 2202 quia
587 2126 660 2186 sunt
683 2121 839 2202 gallorum
861 2121 892 2184 in
916 2140 1050 2204 corpore
1073 2121 1233 2202 quaedam

213 2256 261 2302 rra
287 2235 431 2319 semina,
452 2257 535 2318 quae
557 2257 624 2302 cum
649 2242 722 2301 sunt
744 2236 845 2311 oculis
866 2235 999 2299 inmissa
1021 2219 1150 2300 leonum
1163 2287 1170 2312 ,
1219 2271 1224 2282 ·

286 2351 428 2436 pupillas
450 2351 532 2416 inter
555 2351 678 2414 fodiunt
701 2369 871 2431 acremque
896 2349 1038 2414 dolorem

286 2466 460 2550 praebent,
476 2473 511 2528 ut
533 2471 692 2548 nequeant
714 2470 824 2529 contra
847 2463 963 2527 durare
985 2464 1129 2549 t'eroces3

277 2601 356 2644 ⁴oum
379 2586 487 2644 tamen
509 2580 590 2646 haec
612 2587 737 2646 nostras
761 2579 849 2644 acies
871 2579 916 2642 nil
938 2579 1066 2646 laedere
1089 2578 1230 2662 possint,
1329 2623 1332 2630 -

288 2701 344 2759 aut
367 2695 442 2776 quia
464 2716 529 2760 non
550 2701 737 2779 penetrant,
754 2699 807 2758 aut
830 2693 915 2774 quod
937 2694 1174 2777 penetrantibus
1198 2693 1262 2756 iilis

215 2831 263 2876 rao
288 2810 391 2874 exitus
414 2829 454 2873 ex
477 2809 577 2874 oculis
600 2810 683 2874 liber
705 2809 816 2892 datur,
833 2811 866 2872 in
888 2808 1079 2873 remorando

288 2923 418 2988 laedere
440 2944 480 2988 ne
501 2924 625 3007 possint
648 2943 686 2990 ex
710 2924 776 2988 ulla
798 2923 918 2986 lumina
940 2927 1031 3005 parte
1045 2920 1068 3008 .]

326 3038 418 3102 Nunc
440 3058 521 3122 age,
539 3057 623 3120 quae
645 3043 796 3103 moveant
818 3038 957 3101 animum
979 3056 1030 3102 res
1054 3036 1184 3120 accipe,
1201 3041 1232 3100 et
1253 3035 1338 3100 unde

290 3171 372 3234 quae
394 3151 524 3216 ueniunt
545 3153 674 3218 veniant
695 3153 728 3216 in
749 3157 887 3217 mentem
909 3155 1039 3236 percipe
1060 3150 1193 3236 paucis.

288 3267 445 3352 principio
469 3267 528 3332 hoc
551 3267 642 3351 dioc,
660 3287 763 3332 rerum
788 3267 959 3332 simulacra
981 3267 1092 3350 vagari

131 3390 136 3398 “
213 3403 263 3450 aaa
289 3383 389 3446 multa
411 3381 514 3446 modis
536 3383 642 3447 multis
665 3382 696 3446 in
721 3388 850 3446 cunctas
873 3381 1013 3462 undique
1035 3379 1135 3462 partis

289 3497 415 3579 tenvia,
433 3516 514 3578 quae
538 3496 634 3560 facile
656 3497 738 3561 inter
761 3515 795 3561 se
817 3496 989 3578 iunguntur
1010 3493 1045 3556 in
1066 3493 1173 3576 auris,

291 3611 386 3677 obvia
409 3631 478 3674 cum
501 3612 651 3689 veniunt,
667 3617 701 3674 ut
724 3630 843 3676 aranea
865 3610 1053 3689 bratteaque
1077 3607 1146 3672 auri
1160 3624 1168 3669 .·

291 3727 409 3810 quippe
432 3726 549 3791 etenim
572 3726 669 3790 multo
692 3725 795 3805 magis
818 3724 896 3786 haec
919 3728 992 3786 sunt
1013 3721 1121 3786 tenvia
1143 3725 1231 3785 textu

291 3862 386 3924 quam
411 3861 492 3922 quae
514 3841 692 3925 percipiunt
714 3837 824 3902 oculos
846 3836 1012 3918 visumque
1033 3836 1214 3912 lacessunt,

217 3977 266 4024 rac
292 3959 434 4042 eorporis
456 3956 538 4022 haee
560 3955 711 4038 quoniam
733 3955 901 4037 penetrant
922 3969 980 4034 per
1003 3971 1096 4028 rara,
1113 3950 1260 4032 cientque

290 4076 416 4136 tenvem
439 4071 536 4137 animi
558 4077 702 4136 naturam
725 4067 808 4131 intus
831 4086 1024 4149 sensumque
1047 4065 1225 4130 lacessunt.

296 4319 344 4370 710
358 4316 424 4384 Qum
441 4313 454 4386 Η
474 4314 685 4386 expiendentibus
706 4309 718 4386 Η
741 4315 789 4361 712
803 4312 885 4383 rapidi
906 4307 919 4383 Η
941 4315 989 4360 ilii
1004 4312 1068 4361 ilus.
1091 4305 1103 4381 Η
1125 4307 1249 4356 tarsilla
1268 4303 1281 4377 Η
1303 4307 1352 4357 730
1365 4319 1409 4357 ars
