3140 5036
286 404 327 470 88
823 395 871 460 ΙΙΙ
945 407 947 410 ’

210 589 259 637 acc
285 568 344 632 sed
365 567 457 648 quasi
479 566 598 631 multae
619 566 667 632 ris
690 565 783 630 unius
806 565 949 649 corporis
970 571 1100 632 extant.

286 681 371 766 quod
393 700 494 765 genus
517 681 549 744 in
572 679 684 763 quovis
707 679 904 744 animantum
926 679 1048 746 viscere
1072 680 1166 763 volgo

286 802 334 861 est
356 795 436 860 odor
458 801 489 860 et
511 795 640 877 quidam
663 794 751 859 calor
773 799 805 857 et
827 812 942 877 sapor,
962 799 993 858 et
1015 800 1123 858 tamen
1145 815 1185 860 ex
1208 795 1256 860 his

288 910 435 976 omnibus
457 915 506 974 est
529 929 624 974 unum
647 906 823 994 perfectum
846 907 988 992 corporis
1010 927 1169 989 augmen.

288 1023 334 1089 sic
356 1023 444 1090 calor
465 1031 562 1106 atque
585 1029 640 1088 abr
663 1027 693 1085 et
715 1021 801 1086 venti
825 1041 922 1086 caeca
945 1027 1090 1106 potestas

213 1160 263 1208 270
288 1138 388 1203 mixta
412 1144 519 1203 creant
541 1157 636 1204 unam
659 1142 828 1214 naturam,
846 1141 877 1200 et
898 1136 1027 1200 mobilis
1049 1136 1110 1201 illa

287 1253 355 1335 vis,
371 1253 484 1318 initum
507 1259 610 1317 motus
633 1253 674 1318 ab
699 1270 734 1316 se
757 1269 842 1332 quae
865 1250 978 1314 dividit
1000 1251 1093 1329 ollis,

287 1365 424 1432 sensifer
446 1367 531 1432 unde
555 1367 652 1432 oritur
673 1367 807 1450 primum
830 1385 888 1449 per
911 1365 1035 1430 viscera
1058 1372 1183 1430 motus.

287 1503 361 1547 narn
384 1481 510 1566 penitus
533 1501 678 1564 prorsum
694 1481 782 1551 ,latet
804 1479 885 1544 haec
908 1485 1020 1544 natura
1043 1481 1235 1562 subestque,

288 1616 348 1662 nec
369 1595 475 1677 magis
497 1595 558 1658 hac
580 1594 666 1658 infra
690 1595 860 1675 quicquam
883 1595 984 1658 estin
1007 1615 1140 1678 corpore
1164 1602 1294 1673 nostro,

212 1732 263 1779 275
289 1715 386 1792 atque
410 1709 516 1774 anima
540 1715 589 1774 est
611 1709 740 1773 animae
762 1729 915 1794 proporro
938 1709 1034 1774 totius
1056 1709 1147 1792 ipsa.

289 1825 375 1906 quod
398 1844 500 1906 genus
522 1824 556 1888 in
579 1823 696 1888 nostris
718 1823 870 1888 membris
894 1829 925 1888 et
948 1841 1079 1906 corpore
1102 1829 1168 1888 toto

288 1940 387 2003 mixta
409 1939 512 2002 latens
535 1938 631 2002 animi
654 1939 701 2004 vis
724 1945 773 2004 est
796 1923 986 2019 animaeque
1008 1944 1172 2022 potestas,

288 2053 474 2137 corporibus
498 2053 572 2135 quia
595 2053 635 2117 de
657 2052 766 2136 parvis
787 2052 962 2136 paucisque
984 2059 1140 2117 creatast.
1228 2117 1230 2122 .

287 2167 333 2232 sic
355 2167 412 2230 tibi
434 2147 674 2231 nominishaec
698 2185 812 2250 expers
835 2167 903 2248 vis,
920 2166 1005 2232 facta
1026 2167 1155 2232 minutis
1243 2177 1249 2190 ’

214 2302 264 2351 oso
288 2281 493 2365 corporibus,
510 2282 588 2346 latet
610 2288 706 2363 atque
729 2283 854 2346 animae
878 2281 969 2362 quasi
991 2282 1087 2346 totius
1108 2282 1181 2366 ipsa

287 2401 473 2481 proporrost
494 2397 601 2459 anima
624 2403 654 2460 et
676 2395 855 2459 dominatur
878 2414 1011 2478 corpore
1034 2402 1119 2462 toto.

288 2510 447 2576 consimili
470 2510 594 2576 ratione
617 2514 779 2574 necessest
800 2515 913 2574 ventus
936 2515 968 2574 et
990 2517 1044 2575 adr

289 2631 320 2690 et
342 2625 429 2690 calor
450 2626 532 2690 inter
555 2645 591 2690 se
613 2625 742 2707 vigeant
765 2625 935 2689 commixta
957 2645 1014 2709 pcr
1036 2631 1145 2704 artus,

287 2739 393 2823 adque
415 2741 489 2806 aliis
513 2740 600 2804 aliud
623 2739 724 2804 subsit
746 2740 849 2822 magis
873 2741 1094 2822 eminentque,

212 2874 262 2922 css
287 2861 321 2918 ut
344 2854 497 2936 quiddam
520 2854 588 2918 fieri
610 2853 756 2917 videatur
778 2855 819 2917 ab
842 2854 988 2918 omnibus
1010 2873 1127 2936 unum,

288 2969 320 3032 ni
344 2969 431 3034 calor
453 2989 491 3033 ac
514 2974 628 3033 ventus
649 2986 793 3031 seorsum
816 2985 1022 3049 seorsumque
1045 2975 1188 3053 potestas

287 3082 371 3147 aeris
393 3083 586 3148 interemant
609 3101 737 3148 sensum
760 3081 950 3165 diductaque
974 3084 1121 3150 solvant.

288 3202 336 3260 est
357 3198 473 3261 etenim
496 3197 585 3263 calor
607 3198 661 3264 illc
684 3196 812 3280 animo,
830 3217 924 3279 quem
945 3199 1059 3282 sumit,
1076 3199 1109 3262 in
1131 3199 1180 3263 ira

288 3331 358 3375 cum
381 3311 531 3376 fervescit
553 3318 584 3376 et
606 3333 645 3376 ex
669 3311 768 3376 oculis
790 3312 886 3376 nrioat
907 3313 1033 3377 acribus
1057 3310 1174 3375 ardor:

212 3444 263 3491 290
290 3432 339 3490 est
361 3445 401 3490 ea
423 3425 544 3507 frigida
567 3426 683 3507 multa,
701 3445 808 3490 comes
830 3425 1027 3509 formidinis,
1045 3446 1142 3502 aura,

289 3557 372 3618 quae
396 3539 457 3604 ciet
478 3538 640 3604 horrorem
663 3539 812 3604 membris
836 3546 867 3603 et
889 3539 1026 3604 concitat
1047 3545 1155 3603 artus:

290 3659 338 3717 est
361 3653 456 3718 etiam
479 3661 604 3733 quoque
627 3653 735 3736 pacati
757 3659 858 3718 status
880 3652 964 3716 aeris
986 3652 1060 3736 ille,

288 3775 417 3852 pectore
440 3767 613 3848 tranquillo
638 3768 691 3848 qui
713 3767 747 3830 rit
768 3768 918 3847 voltuque
941 3785 1074 3830 sereno.

288 3882 345 3946 sed
368 3880 463 3947 calidi
486 3881 558 3965 plus
582 3888 629 3946 est
651 3882 714 3946 illis
737 3881 851 3962 quibus
873 3880 962 3943 acria
985 3878 1084 3944 corda

213 4013 263 4061 aas
288 3993 506 4078 iracundaque
527 4015 617 4062 mens
640 3996 736 4061 facile
759 3993 938 4060 effervescit
959 3994 992 4058 in
1014 3994 1082 4078 ira,

289 4171 489 4178 —————-—-

291 4272 341 4318 272
361 4268 500 4320 Sensiferer
520 4267 603 4336 11288
623 4271 700 4320 etiam
720 4265 732 4337 ΙΙ
754 4273 803 4319 289
823 4271 944 4320 fervescet
963 4269 977 4339 Η
998 4271 1081 4321 acrius
1106 4266 1119 4337 Η
1145 4272 1195 4318 290
1215 4277 1240 4319 et
1263 4265 1276 4336 Η
1301 4272 1349 4319 291
1370 4269 1409 4318 in·

293 4356 405 4406 concitat
424 4354 438 4423 ΙΙ
458 4358 508 4405 293
527 4356 631 4406 Pertore
651 4353 665 4423 Η
685 4357 712 4404 fit
731 4356 774 4419 qui
