3108 5034
282 365 322 428 72
826 357 859 420 ss

206 549 255 595 995
282 529 455 592 sollicitata
479 527 545 591 suis
566 526 729 610 trepidant
750 528 782 590 in
806 527 937 592 sedibus
959 527 1064 612 intus,

281 642 377 723 inque
399 642 504 706 locum
528 641 657 721 quando
681 643 875 725 remigrant,
893 641 926 703 lit
948 641 1070 706 blanda
1090 643 1261 727 voluptas,

280 755 362 820 scire
384 756 460 820 licet
482 755 569 821 99119
593 753 769 838 primordia
791 773 888 838 posse
911 754 1022 818 dolore

280 869 430 952 temptari
452 870 637 951 nullamque
660 869 855 952 voluptatem
878 888 994 951 capere
1018 887 1057 932 ex
1079 887 1135 950 se;

282 981 542 1064 quandoquidem
566 1001 630 1044 non
652 988 745 1065 sunt,
763 1001 802 1046 ex
825 981 899 1044 ullis
920 981 1149 1065 principiorum

206 1119 256 1166 aro
282 1097 491 1181 corporibus,
508 1116 642 1176 quorum
665 1102 770 1159 motus
792 1096 932 1160 novitate
952 1096 1099 1162 laborent

281 1217 337 1275 aut
359 1211 499 1290 aliquem
523 1209 658 1273 fructum
683 1209 812 1292 capiant
833 1209 1011 1274 dulcedinis
1033 1212 1158 1276 almae:

282 1310 360 1388 baut
381 1325 478 1406 igitur·
500 1324 619 1388 debent
642 1343 713 1388 esse
737 1324 800 1388 ullo
823 1325 970 1410 praedita
992 1344 1111 1390 sensu.

318 1439 466 1520 Denique
489 1438 534 1502 uti
557 1438 680 1522 possint
702 1438 821 1502 sentire
843 1437 996 1504 animalia
1019 1460 1184 1524 quaeque,

279 1553 447 1636 principiis
470 1553 497 1616 si
520 1553 585 1616 iam
609 1558 657 1615 est
678 1570 793 1615 sensus
815 1552 1001 1618 tribuendus
1025 1574 1154 1636 eorum,

206 1687 256 1734 ors
282 1664 379 1747 quid,
395 1685 497 1747 genus
519 1666 691 1728 humanum
714 1665 880 1748 propritim
904 1668 944 1732 de
967 1667 1072 1747 quibu’
1095 1667 1272 1732 factumst?

280 1779 419 1863 scilicet,
439 1786 470 1844 99
492 1781 558 1844 risu
579 1780 714 1844 tremulo
738 1799 893 1844 concussa
916 1780 1107 1844 cachinnant

280 1900 311 1959 et
332 1894 473 1958 lacrimis
497 1901 652 1978 spargunt
674 1895 856 1958 rorantibus
879 1914 936 1958 ora
958 1915 1143 1978 genasque,

279 2009 441 2088 multaque
465 2007 506 2073 de
529 2029 634 2073 rerum
657 2009 792 2072 mixtura
814 2009 920 2073 dicere
942 2010 1082 2092 callent,

278 2131 310 2186 99
332 2122 393 2186 sibi
415 2143 570 2207 proporro
595 2143 677 2205 quae
699 2123 762 2188 sint
784 2122 960 2206 primordia
983 2129 1164 2203 quaerunt;

204 2257 254 2304 999
281 2235 538 2318 quandoquidem
562 2238 636 2302 totis
661 2237 847 2302 mortalibus
872 2236 1066 2300 adsimulata

279 2352 352 2435 ipsa
376 2371 501 2432 quoque
524 2359 564 2415 ex
586 2352 658 2415 aliis
681 2351 799 2414 debent
822 2357 969 2414 constare
992 2351 1177 2429 elementis,

279 2464 354 2529 inde
377 2465 443 2528 alia
466 2486 506 2531 ex
528 2465 622 2548 aliis,
639 2484 796 2546 nusquam
821 2463 994 2530 consistere
1016 2471 1050 2530 ut
1072 2466 1180 2532 ausis:

278 2579 397 2664 quippe
421 2599 555 2664 sequar,
576 2581 661 2662 quod
687 2599 820 2662 cumque
842 2579 931 2661 loqui
954 2579 1122 2662 ridereque
1145 2581 1233 2646 dices

279 2701 311 2758 99
333 2713 466 2779 sapere,
484 2714 524 2760 ex
547 2695 620 2760 aliis
643 2694 755 2758 eadem
778 2694 860 2758 haec
882 2694 1073 2760 facientibus
1094 2701 1129 2758 ut
1151 2696 1212 2760 sit.

204 2827 253 2874 985
281 2807 366 2889 quod
389 2809 415 2872 si
438 2808 541 2872 delira
562 2809 643 2873 haec
666 2807 851 2890 furiosaque
875 2808 1033 2872 cernimus
1057 2827 1147 2892 esse,

279 2928 311 2986 et
332 2921 436 2987 ridere
457 2928 562 3006 potest
584 2942 648 2986 non
671 2941 711 2986 ex
733 2921 900 2986 ridentibu’
924 2921 1049 3006 factus,

279 3041 311 3098 99
333 3055 447 3119 sapere
470 3043 501 3100 et
523 3037 624 3101 doctis
646 3037 803 3100 rationem
826 3036 961 3102 reddere
983 3038 1076 3102 dictis

279 3169 342 3212 non
366 3169 405 3212 ex
428 3152 600 3218 seminibus
623 3152 822 3236 sapientibus
845 3158 941 3234 atque
964 3151 1111 3235 disertis,

280 3263 333 3344 qui
357 3263 461 3329 minus
485 3283 556 3330 9999
579 3272 697 3346 queant
718 3285 758 3330 ea
780 3285 864 3346 quac
888 3267 1006 3330 sentire
1027 3264 1171 3330 videmus

204 3396 254 3444 999
282 3377 456 3442 seminibus
478 3379 635 3462 permixta
658 3380 838 3444 carentibus
860 3379 1002 3459 undique
1025 3381 1147 3444 sensu?

317 3489 465 3571 Denique
489 3491 619 3555 caelesti
643 3512 750 3557 sumus
775 3512 884 3556 omnes
908 3492 1027 3558 semine
1051 3493 1197 3556 oriundi:

281 3602 427 3668 omnibus
449 3603 503 3668 ille
526 3603 609 3668 idern
633 3611 724 3690 pater
747 3613 813 3687 est,
831 3605 915 3670 unde
939 3606 1024 3669 alma
1050 3607 1200 3689 liquentis

277 3717 397 3782 umoris
419 3723 525 3800 guttas
547 3724 648 3783 mater
672 3740 742 3784 cum
764 3726 850 3784 terra
873 3719 1013 3802 recepit,

279 3831 347 3896 feta
368 3831 454 3915 parit
476 3831 593 3898 nitidas
616 3833 726 3915 fruges
750 3834 943 3915 arbustaque
966 3834 1052 3901 laeta

205 3965 254 4013 995
280 3952 311 4010 99
333 3966 435 4029 genus
458 3946 650 4033 humanum,
668 3949 753 4032 parit
776 3946 882 4011 omnia
905 3949 1010 4013 saecla
1032 3948 1192 4027 ferarum,

283 4223 332 4270 966
352 4221 383 4270 19
402 4237 452 4283 999
474 4220 487 4290 tl
509 4225 558 4272 919
578 4232 719 4272 auctumst.
742 4220 755 4290 11
776 4226 824 4272 917
845 4234 955 4288 pergunt
974 4225 986 4292 ll
1009 4228 1058 4275 982
1078 4225 1112 4273 911
1132 4239 1164 4274 ex
1183 4221 1196 4292 Η
1218 4227 1267 4274 985
1287 4225 1367 4274 detira
1387 4221 1401 4293 Η

283 4308 331 4355 986
352 4317 456 4358 999999.
1165 4317 1169 4324 ’
