3108 5034
707 455 723 518 1

151 631 183 688 et
204 625 345 706 graviter
366 625 474 708 magni
497 643 615 707 magno
639 622 783 687 cecidere
806 625 848 687 ibi
870 645 968 690 casu:

150 737 285 821 primum
309 739 396 821 quod
418 745 523 803 motus
545 742 693 822 exempto
717 737 812 802 rebus
835 737 925 802 inani

119 911 135 944 ‚
148 853 361 938 constituunt,
386 861 417 920 ot
439 873 489 917 res
512 851 619 917 mollis
641 871 797 932 rarasque
819 852 1021 937 relinquent,

148 972 245 1050 5575,
270 969 392 1044 solem,
415 967 544 1050 ignem,
568 973 705 1041 terram,
729 965 906 1042 animalia,
929 964 1058 1050 fruges,

70 1099 122 1146 775
149 1099 208 1144 555
229 1086 338 1146 tamen
361 1080 538 1146 admiscent
559 1081 592 1144 in
614 1099 724 1144 eorum
747 1099 862 1163 557555
883 1081 1000 1163 inane3

149 1192 267 1259 deinde
290 1196 376 1275 quod
399 1193 529 1259 omnino
551 1194 646 1258 tinem
668 1212 733 1258 non
757 1213 828 1258 esse
851 1195 1001 1260 secandis

147 1307 336 1390 corporibus
358 1307 501 1386 faciunt,
524 1327 629 1390 neque
649 1303 788 1394 pausam
812 1317 898 1376 stare
921 1307 1064 1390 fragori,

148 1440 209 1485 nec
230 1441 378 1504 prorsum
400 1423 433 1486 in
456 1423 552 1488 rebus
573 1423 738 1488 minimum
761 1425 936 1490 consistere
960 1423 1151 1505 quicquam3

149 1553 221 1598 curn
243 1534 411 1602 videamus
435 1535 468 1600 id
491 1543 668 1602 extremum
691 1538 844 1620 cuiusque
863 1557 1021 1602 cacumen

68 1665 121 1712 755
148 1665 221 1712 5555
245 1649 329 1729 quod
352 1649 395 1712 ad
418 1669 531 1716 sensus
554 1656 679 1717 nostros
701 1653 864 1716 minimum
889 1670 960 1716 esse
982 1651 1126 1734 videtur,

147 1760 292 1834 conicere
314 1768 349 1826 ut
370 1764 474 1846 possis
498 1785 538 1828 ex
560 1766 640 1848 hoo,
664 1785 748 1847 quae
772 1783 901 1830 cernere
924 1785 989 1830 non
1012 1766 1083 1848 quis

147 1879 321 1940 extremum
342 1877 589 1962 quod-habent,
612 1879 777 1943 minimum
799 1879 976 1946 consistere
998 1900 1163 1964 prorsum.

146 1987 210 2054 huc
232 1991 357 2056 accedit
379 1993 464 2069 utei‚
489 1993 641 2074 quoniam
663 1993 841 2076 primordia
861 2013 966 2058 rerum

146 2103 258 2168 mollia
280 2105 493 2191 constituunt,
518 2126 602 2189 quae
625 2127 684 2173 nos
707 2108 819 2172 nativa
840 2107 985 2173 videmus

69 2238 120 2284 755
147 2237 219 2284 5555
242 2225 274 2283 51
295 2221 423 2284 mortali
446 2241 518 2284 cum
540 2241 694 2304 corporo,
718 2220 860 2286 funditus
884 2241 985 2302 usque

147 2331 263 2398 debeat
286 2331 329 2396 ad
351 2333 450 2396 nilum
474 2333 539 2397 iam
561 2353 667 2398 rerum
689 2353 814 2398 summa
836 2335 949 2400 revert‘

145 2446 186 2512 de
208 2447 338 2528 niloque
361 2453 477 2512 renata
499 2448 662 2532 vigescere
685 2449 780 2532 copia
802 2469 927 2533 rerum3

145 2582 278 2642 quorum
301 2568 469 2643 utrumque
492 2564 568 2643 quid
592 2583 613 2626 a
635 2582 711 2628 7575
733 2565 799 2626 iam
823 2562 918 2628 distet
940 2563 1094 2628 habebis.

146 2675 264 2742 deinde
286 2677 417 2742 inimica
438 2677 543 2742 modis
565 2679 673 2742 multis
696 2684 770 2742 sunt
793 2684 890 2759 atque
911 2697 1034 2743 veneno

71 2810 121 2856 755
145 2790 218 2874 1555
241 2790 301 2855 sibi
324 2792 406 2856 inter
430 2811 485 2873 se;
509 2812 610 2873 quare
634 2798 690 2856 551
711 2811 886 2874 congressa
908 2791 1078 2876 peribunt,

146 2909 203 2970 aut
225 2905 271 2970 ita
294 2905 460 2990 diffugient
482 2912 516 2970 ut
537 2911 728 2992 tempestate
748 2913 863 2972 coacta

143 3017 281 3084 fulmina
302 3019 458 3104 diffugere
481 3027 577 3104 atque
599 3021 709 3087 imbris
731 3010 909 3103 7551555775
931 3021 1096 3090 videmus.
1147 3109 1151 3115 Ι

186 3135 334 3218 Denique
358 3143 506 3218 quattuor
529 3157 568 3201 ex
590 3137 687 3202 rebus
711 3136 737 3200 si
761 3141 875 3200 cuncta
898 3143 1047 3202 creantur

146 3233 243 3332 atque
264 3250 297 3314 in
320 3270 378 3315 eas
400 3271 525 3316 rursum
548 3269 599 3314 755
622 3250 731 3314 omnia
754 3249 994 3328 dissoluuntur,

69 3386 118 3433 755
144 3365 200 3446 qui
222 3365 326 3449 magis
348 3365 407 3429 illa
430 3371 549 3446 queunt
571 3383 677 3428 rerum
698 3363 875 3462 primordia
902 3363 965 3428 dici

144 3500 241 3562 quam
264 3486 376 3544 eontra
397 3499 450 3546 755
472 3479 599 3545 illorum
623 3485 772 3562 retroque
794 3479 928 3563 putari?

143 3594 276 3659 alternis
298 3595 471 3678 gignuntur
494 3595 578 3680 enim
601 3600 787 3676 mutantque
810 3594 951 3659 colorem

142 3713 297 3773 ettotam
319 3709 401 3772 inter
424 3729 458 3776 se
482 3717 630 3776 naturam
652 3715 796 3794 tempore
819 3709 861 3773 ab
885 3708 991 3774 omni.

71 3843 118 3890 775
144 3822 193 3888 575
216 3823 261 3888 715
284 3822 366 3888 sorte
388 3829 483 3908 putas
506 3824 590 3908 ignis
611 3830 779 3906 terraeque
801 3823 887 3888 coire

144 3957 261 4022 corpus
284 3943 316 4004 et
339 3939 444 4004 a'e‘rias
467 3959 565 4006 auras
588 3958 755 4022 roremque
781 3937 935 4021 liquoris,

145 4119 346 4130 --.-..,,..-....

145 4241 193 4288 741
215 4254 307 4289 causa.
330 4237 343 4308 11
366 4242 415 4288 744
434 4239 531 4301 frugis.
553 4236 566 4307 Η
588 4241 636 4287 747
657 4237 753 4288 facient
773 4235 786 4304 Η
808 4241 857 4288 748
877 4236 937 4299 qui.
959 4232 972 4303 11
994 4236 1042 4284 757
1062 4247 1178 4298 prorsum
1194 4235 1270 4286 577777-

142 4341 217 4376 mm.
239 4323 252 4394 ΙΙ
273 4327 323 4376 753
343 4326 438 4376 accidit
454 4326 516 4376 item
537 4323 549 4396 Η
577 4327 625 4376 755
645 4325 735 4387 utqui.
757 4321 769 4394 Η
796 4322 992 4400 7585515511
1019 4325 1068 4382 759
1087 4336 1165 4372 rene.
1186 4319 1199 4392 11
1221 4325 1269 4377 767

142 4411 280 4489 7115757511
303 4415 448 4470 toedet,
