3108 5034
725 353 741 416 1

149 515 213 588 'ne
236 543 309 588 mea
324 525 418 588 dona
442 525 498 588 tibi
522 525 625 588 studio
649 524 795 607 disposta
817 524 923 606 lideli,

173 639 333 703 intellecta
355 639 442 722 prius
466 659 561 720 quam
584 639 663 722 sint,
687 643 869 721 contempta
891 639 1073 720 relinquas.

173 774 245 817 nam
270 753 326 816 tibi
350 752 389 817 de
413 773 536 816 summa
558 753 638 818 oaeli
661 751 786 816 ratione
808 751 965 832 deumque

23 948 24 958 χ
107 891 140 936 aa
174 869 333 933 disserere
356 867 526 950 incipiam,
551 873 583 931 et
606 887 708 932 rerum
731 865 905 950 primordia
929 867 1089 949 pandam,

171 983 257 1048 unde
281 983 383 1046 omnis
406 988 521 1046 natura
546 989 633 1046 ereet
655 1002 726 1061 res,
750 986 872 1056 auctet,
897 981 1046 1063 alatque,

171 1117 275 1177 quove
298 1098 410 1161 eadem
434 1116 554 1159 rursum
578 1102 690 1160 natura
711 1100 875 1178 perempta
902 1096 1061 1174 resolvat;

172 1230 255 1292 quae
278 1231 337 1274 nos
360 1211 526 1274 materiem
550 1217 581 1274 et
602 1209 758 1290 genitalia
781 1229 916 1292 corpora
938 1209 1032 1273 rebus

170 1323 337 1388 reddunda
358 1325 391 1387 in
414 1325 540 1390 ratione
562 1343 680 1388 voeare
703 1329 734 1386 et
757 1322 878 1386 semina
899 1341 1002 1387 rerum

106 1461 139 1505 err
171 1438 336 1522 appellare
361 1445 485 1502 suemus
509 1445 540 1502 et
562 1437 643 1502 lraeo
666 1437 779 1501 eadem
801 1456 954 1519 usurpare

170 1572 307 1636 corpora
330 1553 453 1634 prima,
477 1553 559 1634 quod
585 1573 623 1617 ex
647 1553 711 1616 illis
733 1557 806 1615 sunt
828 1551 935 1616 omnia
957 1553 1088 1636 primis.

211 1667 359 1729 Humana
379 1673 454 1730 ante
478 1667 587 1732 oeulos
610 1667 703 1731 foede
727 1686 796 1730 oum
818 1666 885 1729 vita
905 1666 1027 1742 jaceret

168 1781 201 1844 in
226 1781 317 1844 terris
341 1801 496 1864 oppressa
520 1783 608 1862 gravi
633 1781 691 1844 sub
714 1780 890 1863 religione,

169 1913 252 1976 quae
275 1900 370 1978 caput
392 1915 411 1958 a
433 1896 515 1959 oaeli
538 1894 724 1977 regionibus
748 1894 937 1958 ostendebat

108 2029 140 2075 aa
172 2008 315 2072 horribili
339 1995 434 2092 super
456 2015 587 2093 aspeotu
610 2007 797 2072 mortalibus
820 2010 964 2090 instans,

169 2122 303 2206 primum
327 2122 443 2186 Graius
466 2123 561 2186 homo
585 2121 729 2186 mortalis
752 2123 883 2187 tendere
906 2131 1016 2188 eontra

168 2242 216 2301 est
239 2236 347 2300 oeulos
370 2255 465 2300 ansus
488 2237 675 2326 primusque¹
695 2237 850 2301 obsistere
874 2245 1004 2315 oontra3

169 2371 262 2438 quem
285 2369 390 2430 neque
413 2349 492 2414 fana
515 2349 608 2414 deum
632 2369 692 2413 neo
712 2351 846 2416 l'ulmina
868 2371 927 2416 nee
949 2351 1108 2415 minitanti

169 2483 328 2530 murmure
352 2465 539 2548 compressit
562 2465 705 2547 eaelum,
730 2466 787 2529 sed
811 2485 849 2530 eo
873 2467 975 2548 magis
998 2487 1103 2531 aorenr
1130 2503 1133 2508 ·

17 2623 19 2640 .
110 2603 140 2648 ro
170 2580 278 2643 inritat
301 2579 398 2642 animi
418 2581 584 2655 virtutem,
609 2579 778 2659 effringere
801 2587 835 2643 ut
857 2587 926 2642 arta

170 2699 304 2759 naturae
327 2695 446 2777 primus
469 2699 631 2777 portarum
656 2693 793 2757 claustra
817 2694 957 2776 eupiret.

171 2829 248 2890 ergo
273 2807 381 2872 vivida
404 2808 450 2870 vis
474 2807 570 2871 animi
594 2807 747 2891 pervicit,
772 2815 914 2871 etenira

169 2923 327 3006 prooessit
349 2922 444 3004 longe
466 2921 662 2986 flammantia
686 2924 812 2988 moenia
837 2923 942 2986 mundi

170 3043 267 3117 atque
292 3055 384 3100 ornne
404 3037 592 3100 immensum
614 3038 799 3118 peragravit
821 3044 927 3103 mente
950 3037 1140 3118 animoque;

17 3127 20 3172 ss
110 3173 140 3217 aa
172 3149 258 3213 unde
282 3147 380 3213 refert
404 3149 494 3214 nobis
517 3150 615 3214 vietor
638 3150 712 3232 quid
735 3152 837 3235 possit
859 3152 954 3232 oriri,

171 3263 248 3346 quid
271 3270 428 3345 nequeat,
451 3264 542 3328 linita
565 3270 706 3346 potestas
730 3265 867 3348 denique
890 3265 1003 3346 auique

171 3400 234 3462 qua
257 3399 331 3442 nam
355 3378 395 3442 sit
417 3379 538 3442 ratione
562 3385 656 3460 atque
679 3382 744 3446 alte
767 3383 919 3446 terminus
942 3379 1102 3444 haerens.

172 3513 271 3576 quare
294 3492 406 3572 religio
428 3492 563 3575 pedibus
586 3494 729 3559 subiecta
751 3494 889 3558 viaissim

173 3607 345 3690 opteritur,
369 3626 427 3670 nos
450 3614 611 3688 exaequat
632 3610 765 3674 viatoria
788 3610 899 3673 eaelo.
961 3645 964 3652 ·

17 3713 19 3735 '
108 3741 140 3786 so
214 3719 298 3784 Illud
321 3721 353 3784 in
376 3719 426 3784 his
451 3722 544 3785 rebus
566 3741 697 3806 vereor,
720 3744 761 3789 ne
784 3723 865 3787 forte
888 3722 989 3787 rearis

171 3834 259 3917 inpia
281 3839 312 3897 te
335 3835 468 3898 rationis
490 3835 569 3900 inire
592 3837 749 3902 elementa
772 3839 918 3918 viamque

171 3947 514 4030 indugredi-sederis.
561 3950 646 4031 quod
668 3958 778 4016 eontra
800 3952 928 4034 saepius
951 3949 1008 4013 illa

172 4217 204 4264 66
233 4215 321 4263 tollere
346 4212 360 4282 ΙΙ
385 4217 418 4264 68
444 4214 512 4264 lama
538 4210 550 4284 Η
576 4217 608 4266 70
631 4214 792 4281 confringere
817 4211 829 4286 Η
857 4219 886 4264 71
914 4226 1031 4284 cuperet.
1056 4214 1070 4285 ll
1097 4217 1128 4266 rt
1153 4231 1253 4269 onmem
1279 4217 1292 4288 ll

173 4304 203 4352 77
231 4300 360 4368 Quantum
