3140 5036
281 427 322 490 92
817 426 861 490 111

281 592 333 674 qui
356 593 454 656 nimia
475 594 602 658 levitate
625 593 740 658 cadunt
762 595 948 678 plerumque
970 595 1146 676 gravatim,

281 725 342 770 nec
363 707 504 790 repentis
526 707 602 772 itum
626 709 764 774 cuiusvis
788 728 921 790 cumque
944 709 1116 774 animantis

280 821 451 898 sentimus,
468 841 527 885 nec
549 823 640 905 priva
662 823 778 906 pedum
802 821 939 904 vestigia
962 842 1128 906 quaeque,

206 953 256 1000 333
281 954 413 1017 corpore
437 953 519 1016 quae
542 935 574 998 in
597 942 705 1002 nostro
730 938 846 1001 culices
870 941 901 1000 et
923 942 1029 1002 cetera
1051 944 1192 1020 ponunt.

281 1069 381 1130 usque
404 1049 486 1114 adeo
511 1051 597 1133 prius
619 1057 668 1116 est
690 1051 723 1115 in
746 1051 838 1115 nobis
860 1050 959 1114 multa
981 1049 1126 1115 ciendum

206 1182 255 1228 393
282 1163 404 1227 33333333
427 1165 611 1248 corporibus
635 1167 750 1230 nostris
773 1164 905 1228 inmixta
927 1183 984 1247 per
1006 1171 1113 1240 artus,

205 1296 254 1342 392
282 1295 377 1357 quam
400 1278 573 1360 primordia
595 1277 769 1342 sentiscant
792 1297 947 1342 concussa
970 1278 1088 1342 animai

205 1410 255 1456 334
281 1397 311 1456 33
334 1411 428 1472 quam
452 1393 485 1455 in
508 1391 556 1456 his
578 1392 754 1456 intervallis
778 1391 944 1456 tuditantia
966 1391 1091 1475 possint

280 1524 469 1569 concursare
492 1505 577 1570 coire
600 1512 631 1568 et
653 1503 823 1570 dissultare
844 1505 981 1569 vicissim
995 1504 1025 1590 .]

319 1619 359 1680 Et
380 1619 484 1699 magis
507 1625 555 1683 est
577 1619 701 1683 animus
724 1619 801 1682 vitai
825 1619 964 1682 claustra
986 1626 1134 1684 coercens

280 1736 311 1795 et
333 1731 546 1796 dominantior
568 1733 609 1796 ad
631 1734 730 1818 vitam
752 1752 849 1814 quam
873 1733 921 1796 vis
944 1732 1082 1797 animai.

281 1866 355 1908 narn
379 1846 447 1910 sine
470 1851 573 1909 mente
597 1844 767 1926 animoque
790 1847 899 1927 nequit
921 1847 1061 1911 residere
1083 1866 1141 1930 per
1160 1851 1248 1910 artus

279 1960 431 2043 temporis
454 1940 610 2042 exiguam¹
625 1965 746 2041 partem
769 1980 844 2042 pars
867 1960 932 2022 3113
955 1961 1094 2044 animai,

203 2093 254 2138 433
280 2073 337 2137 sed
360 2093 466 2138 comes
489 2073 666 2155 insequitur
686 2072 782 2136 facile
805 2079 836 2136 et
858 2073 992 2137 discedit
1013 2075 1045 2137 in
1069 2093 1164 2138 auras

279 2193 310 2250 et
333 2187 456 2267 gelidos
479 2194 565 2251 artus
587 2188 619 2250 in
642 2187 697 2251 leti
718 2183 837 2270 frigore
857 2187 990 2268 linquit.
1228 2173 1231 2178 ¹

280 2308 312 2364 33
334 2306 441 2364 333333
463 2302 495 2364 33
520 2301 584 2364 3333
607 2301 655 2364 333
677 2320 767 2366 mens
791 2302 978 2380 animusque
1003 2301 1172 2366 remansit.

280 2415 424 2496 quamvis
448 2420 496 2478 est
518 2414 633 2478 circum
657 2415 761 2478 caesis
783 2414 872 2478 lacer·
893 2415 1033 2495 undique
1057 2415 1204 2480 membris

279 2537 426 2606 truncus,
444 2528 593 2611 adempta
617 2528 724 2592 anima
747 2527 861 2592 circum
885 2529 1099 2610 membrisque
1121 2533 1243 2592 remota

203 2664 253 2711 433
278 2644 355 2708 vivit
377 2649 408 2708 33
430 2642 536 2707 aerias
558 2643 664 2708 vitalis
687 2643 817 2725 suscipit
840 2663 958 2708 auras:

280 2758 306 2822 si
327 2779 393 2850 pon
419 2756 630 2840 omnimodis,
647 2763 681 2820 at
705 2777 821 2838 magna
843 2763 933 2840 parte
957 2756 1077 2820 animai

279 2873 440 2954 privatus,
458 2876 563 2932 tamen
585 2870 618 2932 in
641 2871 704 2934 vita
726 2877 887 2936 cunctatur
911 2877 942 2935 et
962 2871 1092 2947 haeret3

279 2992 331 3066 33,
349 2987 488 3048 lacerato
513 2984 604 3048 oculo
628 2984 745 3048 circum
768 2984 795 3049 si
819 2985 936 3068 pupula
957 2983 1074 3048 mansit

278 3099 465 3179 incolumis,
482 3105 546 3162 stat
568 3099 717 3162 cernundi
740 3098 847 3164 vivata
870 3103 1034 3182 potestas,

204 3235 254 3280 433
280 3213 352 3276 dum
377 3211 471 3274 modo
496 3231 536 3276 ne
560 3217 657 3274 totum
680 3231 865 3296 corrumpas
887 3211 1015 3277 luminis
1038 3213 1166 3294 orbem,

279 3333 310 3390 33
332 3325 446 3389 circum
470 3326 586 3390 caedas
609 3327 709 3390 aciem
732 3328 900 3407 solamque
923 3327 1103 3407 relinquas:

204 3462 253 3507 433
280 3447 314 3503 33
336 3439 363 3502 33
386 3440 509 3502 tantula
532 3459 606 3522 pars
630 3440 711 3502 oculi
733 3440 841 3505 media
863 3440 919 3504 3113
940 3459 1053 3522 peresa
1075 3444 1142 3520 est,

280 3551 394 3616 occidit
417 3552 575 3634 extemplo
598 3553 706 3618 lumen
729 3530 942 3635 teneliraeque
964 3557 1132 3618 secuntur.

206 3689 256 3735 433
281 3667 341 3730 1333
363 3664 473 3729 anima
494 3671 589 3746 atque
612 3667 736 3731 animus
759 3645 853 3732 vincti
876 3673 947 3732 sunt
969 3666 1097 3732 foedere
1120 3683 1264 3747 semper.

319 3783 410 3844 Nunc
432 3799 513 3863 age,
530 3779 656 3860 nativos
679 3781 893 3846 animantibus
916 3785 947 3846 et
969 3778 1112 3844 mortalis

280 3981 480 3988 ——.--—-.-

284 4111 331 4158 391
354 4109 459 4158 ciendo.
485 4105 497 4176 11
525 4112 575 4158 394
593 4109 626 4157 Et
645 4110 744 4171 quantis
770 4105 783 4176 11
809 4110 858 4157 399
878 4107 990 4170 exigiam
1015 4105 1028 4175 11
1053 4110 1137 4157 4003
1162 4103 1175 4174 11
1198 4108 1248 4155 403
1268 4113 1364 4155 cretum
1386 4101 1399 4172 11

283 4198 334 4244 404
353 4204 449 4252 remot.
470 4191 484 4262 11
507 4198 558 4245 405
578 4195 701 4244 3331333333
725 4192 737 4261 11
763 4193 861 4242 412141
881 4209 981 4256 quoque
999 4194 1067 4243 eninr
1084 4193 1138 4242 sine
1156 4192 1267 4253 pernicie
1286 4207 1337 4240 non
1356 4193 1400 4242 fiet

284 4297 387 4330 eorum.
417 4279 430 4349 11
460 4283 509 4331 415
533 4281 671 4330 Incolumis
690 4282 803 4343 quemvis
821 4281 918 4344 alioqui
937 4280 1081 4344 splendidus
1103 4277 1187 4327 orbis.
1217 4275 1229 4343 11
1259 4280 1308 4326 417
1332 4293 1399 4328 mor-

285 4369 393 4416 talibus.
