3108 5034
726 419 756 482 ll

177 593 345 674 praeterea
367 597 496 654 ennoias
518 587 628 653 itidem
651 609 702 654 res
725 595 848 654 vertere
872 605 964 652 sese.

99 725 150 771 875
176 707 302 768 vertunt
323 723 357 767 se
379 702 468 767 ilurii
490 703 623 767 frondes
646 709 677 768 et
699 702 820 786 pabula
842 701 925 764 laeta

174 818 208 881 in
230 817 390 901 pecudes,
407 823 532 908 vertrrnt
553 818 695 900 pecudes
718 817 751 880 in
774 834 909 898 eorpora
932 819 1042 880 nostra
1146 856 1150 862 -

175 939 343 1007 naturam,
360 937 391 994 et
413 936 520 996 nostro
543 930 584 994 de
608 949 742 1014 eorpore
766 949 864 1013 saepe
886 927 1027 993 ferarum

176 1050 354 1130 augesount
376 1045 461 1109 vires
483 1049 514 1108 et
536 1064 671 1128 eorpora
693 1022 977 1129 pennipotentum.

84 1147 87 1152 Δ
178 1179 254 1241 ergo
279 1131 388 1223 onines
411 1163 528 1222 natura
550 1158 639 1222 eibos
661 1157 694 1220 in
717 1177 851 1241 corpora
873 1157 948 1222 viva

101 1295 152 1343 888
178 1275 269 1340 vertit
291 1278 322 1338 et
343 1272 415 1336 hino
440 1289 553 1335 sensus
575 1270 770 1334 animantum
790 1277 938 1354 procreat
961 1291 1091 1348 omnes,

177 1409 243 1453 non
265 1387 330 1451 alia
352 1387 449 1468 longe
471 1384 593 1448 ratione
616 1385 723 1466 adque
747 1384 837 1448 arida
859 1385 950 1466 ligna

177 1502 316 1585 explieat
338 1500 371 1564 in
394 1500 539 1563 flammas
561 1505 592 1562 et
615 1499 648 1561 in
670 1500 754 1580 ignis
778 1500 884 1563 omnia
905 1506 1032 1565 versat.

175 1615 281 1679 iamne
303 1613 393 1678 vides
415 1613 511 1695 igitur
532 1614 641 1694 magni
663 1613 840 1696 primordia
862 1632 968 1678 rernm

175 1728 295 1794 referre
317 1727 351 1790 in
374 1727 461 1807 quali
483 1727 545 1790 sint
567 1727 678 1791 ordine
702 1745 849 1808 quaeque
873 1717 977 1792 iooata

98 1864 149 1910 sss
175 1851 208 1908 et
229 1840 399 1906 commixta
423 1840 536 1921 quibus
558 1841 633 1904 dent
655 1847 759 1904 motus
782 1841 1031 1924 accipiantque?

212 1958 294 2020 Tum
317 1975 411 2037 porro
435 1953 509 2035 quid
533 1955 565 2017 id
589 1961 655 2030 est,
672 1954 814 2018 animum
838 1955 923 2036 quod
945 1957 1099 2040 pereutit,
1116 1957 1221 2040 ipsum

174 2069 260 2152 quod
283 2074 388 2132 movet
410 2073 441 2131 et
461 2069 567 2132 varios
590 2087 704 2132 sensus
727 2088 915 2150 expromere
938 2071 1042 2153 eogit,

174 2204 214 2250 ex
236 2182 440 2248 insensilibus
463 2201 504 2246 ne
527 2182 639 2245 eredas
662 2181 781 2252 sensile
804 2183 922 2262 gigni?

175 2297 207 2361 ni
229 2297 362 2378 mirum,
379 2295 507 2378 lapides
531 2299 562 2358 et
584 2294 672 2376 ligna
695 2301 726 2358 et
748 2301 835 2358 terra
857 2294 942 2374 quod
964 2315 1030 2359 una

89 2390 149 2480 vsod
174 2413 272 2476 mixta
293 2417 403 2474 tamen
426 2413 587 2489 nequeunt
608 2408 737 2474 vitalem
759 2408 895 2473 reddere
918 2427 1067 2472 sensum.

173 2525 253 2590 illud
275 2525 307 2588 in
330 2524 378 2587 his
401 2523 498 2603 igitur
520 2523 615 2590 rebus
637 2523 820 2587 meminisse
844 2523 990 2600 debebit,

173 2662 237 2706 non
260 2659 300 2704 ex
323 2637 470 2702 omnibns
494 2638 642 2720 omnino,
661 2656 745 2718 quae
769 2657 904 2716 eumque
928 2643 1036 2700 ereant
1057 2655 1130 2715 res,

175 2755 292 2820 sensile
316 2758 347 2817 et
369 2751 530 2834 extemplo
554 2771 605 2814 me
628 2751 718 2834 gigni
740 2750 846 2814 dioere
868 2769 1003 2826 sensus,

172 2868 231 2934 sed
254 2867 362 2948 magni
384 2865 503 2930 referre
527 2885 567 2930 ea
588 2865 723 2949 primum
747 2863 902 2946 quantula
929 2869 1093 2946 oonstent,

97 3004 148 3052 895
175 2982 293 3048 sensile
317 2999 398 3063 quae
421 2979 562 3056 laniunt,
579 2985 610 3044 et
633 2999 697 3061 qna
720 2979 782 3042 sint
804 2979 950 3062 praedita
969 2977 1094 3062 forma,

174 3097 312 3162 motibus
336 3094 499 3160 ordinibus
521 3093 673 3177 posituris
695 3093 833 3173 denique
857 3113 938 3173 quae
961 3093 1043 3156 sint.

139 3265 142 3271 ,
176 3232 308 3293 quarum
332 3209 378 3272 nil
399 3227 505 3272 rerum
527 3207 561 3270 in
583 3206 679 3287 lignis
702 3205 890 3287 glaebisque
911 3206 1076 3270 videmus:

174 3330 334 3390 ettamen
356 3323 454 3404 haee,
472 3343 542 3386 oum
565 3329 638 3386 sunt
660 3320 751 3402 quasi
773 3319 956 3404 putrefacta
978 3341 1038 3405 per
1057 3321 1196 3402 imbres,

175 3439 363 3506 vermiculos
385 3437 533 3521 pariunt,
550 3436 625 3518 quia
649 3415 784 3518 corpora
806 3435 950 3500 materiai

100 3577 151 3623 888
175 3553 313 3634 antiquis
337 3572 378 3617 ex
401 3550 566 3616 ordinibus
587 3556 732 3634 permota
755 3569 896 3614 novare

177 3667 387 3734 oonoiliantur
409 3665 453 3728 ita
474 3672 510 3729 ut
532 3663 650 3729 debent
672 3664 828 3730 animalia
849 3663 957 3748 gigni.

175 3779 293 3846 deinde
317 3800 375 3858 ea,
392 3779 566 3846 seminibus
589 3779 643 3860 qni
667 3780 784 3844 sensile
806 3797 903 3863 posse
926 3778 1025 3843 oreari

178 3896 374 3960 constituunt
395 3916 490 3978 porro
515 3913 555 3966 ex
576 3893 649 3958 aliis
672 3892 790 3957 sentire
812 3891 931 3974 suetis,

176 4009 286 4073 mollia
309 4009 375 4072 iam
397 4007 539 4084 faciunt:
557 4026 631 4070 nam
655 4023 767 4069 sensus
788 4003 929 4084 iungitur
952 4002 1054 4066 omnis

181 4235 232 4324 8lb
255 4275 282 4323 in
308 4274 411 4323 frondes
437 4270 450 4339 ll
475 4271 525 4319 882
552 4277 576 4318 et
599 4268 666 4332 ignis
691 4265 705 4336 Η
730 4268 777 4316 891
806 4264 878 4312 fedus
905 4260 917 4331 Η
942 4261 1057 4312 decedit.
1079 4259 1092 4328 Η
1118 4265 1168 4314 893
1193 4261 1302 4312 Sensilia

182 4361 291 4427 etemplo
312 4358 325 4428 ΙΙ
347 4361 396 4408 902
416 4373 449 4409 ex
461 4355 594 4410 sensilibus
614 4351 628 4422 ΙΙ
649 4357 698 4407 993
717 4353 798 4404 sueti.
820 4348 833 4420 Η
855 4352 906 4402 904
924 4348 1016 4400 Mollia
1034 4363 1092 4399 oum
