3140 5036
293 356 353 420 140
825 346 890 409 1111
947 431 950 438 Ι

288 521 350 586 boo
371 520 444 585 ideo
467 519 535 584 fieri
558 519 644 599 cogit
666 523 797 599 777777,
811 515 896 596 quod
920 535 1029 582 ornnes

288 635 431 719 corporis
455 634 560 699 offecti
583 652 696 698 seusus
718 650 777 715 per
798 631 943 695 membra
965 629 1130 711 quiescunt

291 768 349 813 neo
370 754 504 831 possunt
525 748 639 812 falsum
662 746 747 811 veris
769 744 956 810 convincere
980 744 1096 810 rebus.

220 884 269 930 775
293 868 461 947 praeterea
483 863 665 928 meminisse
686 861 770 926 iacet
790 861 984 942 languetque
1006 879 1141 943 sopore,

251 959 255 968 ¹
290 997 350 1042 777
372 977 520 1042 dissentit
542 996 613 1041 eum
638 975 747 1039 mortis
769 974 887 1056 letique
909 973 1042 1057 potitum

291 1091 353 1155 iam
376 1090 521 1175 pridem,
538 1109 631 1171 quem
655 1110 744 1154 mens
766 1090 870 1153 vivom
893 1107 928 1152 se
951 1107 1081 1154 cernere
1103 1086 1221 1152 eredit.

289 1206 373 1287 quod
397 1224 492 1288 super
515 1212 583 1288 est,
600 1226 665 1268 non
689 1210 738 1270 est
760 1203 870 1266 mirum
895 1203 1065 1266 simulacra
1087 1201 1206 1265 moveri

289 1319 504 1400 bracchiaque
526 1319 558 1382 in
581 1337 746 1382 numerum
769 1317 887 1381 iactare
911 1323 942 1381 et
964 1320 1070 1381 cetera
1093 1317 1256 1394 membra.

216 1455 265 1500 770
289 1455 362 1498 nam
386 1435 419 1497 lit
441 1433 528 1497 utin
551 1433 672 1496 somnis
695 1431 798 1496 faeere
821 1431 882 1496 hoc
904 1430 1048 1497 videatur
1068 1429 1196 1514 imago:

291 1548 430 1632 quippe,
447 1548 500 1612 ubi
522 1548 625 1631 prima
648 1546 730 1629 perit
752 1546 882 1627 alioque
905 1551 953 1610 est
974 1545 1076 1610 altera
1099 1552 1174 1610 nata

293 1662 368 1726 inde
391 1667 496 1745 statu,
512 1661 598 1745 prior
619 1660 671 1724 bie
693 1666 819 1740 gestum
844 1665 985 1724 mutasse
1008 1659 1152 1726 videtur.

290 1776 430 1861 scilicet,
447 1776 479 1840 id
501 1775 568 1840 lieri
593 1774 688 1840 celeri
711 1773 833 1838 ratione
854 1773 1080 1858 putandumst:

290 1896 378 1953 tanta
400 1896 447 1954 est
468 1889 629 1954 mobilitas
652 1895 684 1953 77
705 1908 808 1953 rerum
833 1889 926 1973 copia
948 1895 1055 1968 77777,

216 2025 264 2071 775
290 2009 442 2083 tantaque
466 2002 607 2067 sensibili
631 2003 743 2085 quovis
767 2010 816 2068 777
837 2010 979 2088 tempore
1001 2005 1033 2068 iu
1057 2025 1120 2068 uno
1159 2023 1161 2026 ’

290 2117 383 2200 copia
405 2117 653 2200 particularum,
670 2123 704 2180 ut
725 2119 827 2202 possit
850 2118 1073 2204 suppeditare.

329 2229 509 2317 [Multaque
532 2231 566 2295 in
587 2233 637 2297 his
660 2233 756 2297 rebus
779 2239 990 2317 quaeruntur,
1007 2233 1173 2315 multaque
1195 2209 1288 2300 nobis

289 2346 523 2431 olaraudumst‚
540 2348 637 2431 plane
659 2347 685 2412 si
707 2367 759 2412 res
782 2367 942 2431 exponere
964 2367 1115 2413 avemus.

290 2460 452 2542 quaeritur
474 2460 507 2524 iu
529 2461 639 2545 primis
663 2482 782 2544 quare,
800 2460 886 2544 quod
909 2462 1023 2542 ouique
1045 2461 1144 2528 libido

217 2595 266 2642 770
290 2575 431 2658 7777777,
449 2575 607 2659 extemplo
631 2594 722 2641 meos
745 2575 862 2657 cogitet
884 2578 951 2641 eius
973 2575 1007 2640 id
1029 2576 1154 2662 ipsum.

289 2708 373 2754 anne
396 2689 591 2753 voluntatem
615 2696 754 2755 nostram
778 2691 947 2756 simulacra
968 2679 1124 2767 tuentur(

289 2808 320 2868 et
342 2804 435 2868 simul
458 2824 495 2868 ac
517 2805 662 2870 volumus
685 2805 777 2869 nobis
800 2805 936 2870 occurrit
957 2805 1094 2884 imago?

216 2938 264 2985 775
291 2918 376 3000 quod
398 2919 552 2984 sentimus
574 2919 607 2982 id
631 2925 699 3002 777,
716 2935 785 2984 oum
809 2939 871 2983 vox
894 2919 1044 2983 emittitur
1066 2941 1151 3005 777,

216 3053 264 3100 773
290 3033 316 3097 77
339 3052 446 3116 mare,
463 3033 491 3097 si
513 3013 630 3099 terram
653 3033 793 3108 cordist,
808 3032 835 3098 si
858 3032 994 3115 denique
1018 3035 1169 3100 eaelum?

287 3128 463 3212 ¹conventus
486 3147 668 3230 bominum,
684 3169 855 3232 pompam,
872 3149 1036 3234 convivia,
1053 3170 1199 3234 pugnas,

217 3281 266 3328 775
292 3260 400 3325 omnia
422 3262 481 3326 sub
502 3263 644 3326 verbone
667 3268 754 3326 77777
776 3267 891 3328 777777
913 3264 1100 3347 paratque?

290 3396 361 3440 eum
383 3375 571 3459 praesertim
595 3375 668 3440 aliis
691 3376 804 3440 eadem
827 3376 860 3440 iu
882 3377 1016 3460 regione
1038 3377 1173 3458 locoque

289 3488 386 3572 louge
410 3489 574 3554 dissimilis
596 3489 721 3554 animus
744 3509 795 3554 res
818 3490 936 3572 cogitet
959 3492 1083 3556 omnis.

292 3602 366 3683 quid
389 3623 505 3686 porro,
521 3602 555 3666 iu
578 3623 743 3668 numerum
766 3604 940 3687 procedere
963 3627 1032 3672 cum
1055 3605 1227 3670 simulacra

290 3716 449 3784 cemimus
471 3717 504 3780 in
527 3717 647 3782 somnis
671 3724 703 3782 et
726 3718 836 3783 mollia
858 3720 1000 3786 membra
1022 3739 1168 3802 movere,

217 3852 266 3899 770
291 3832 419 3916 mollia,
437 3831 595 3896 mobiliter
613 3851 685 3898 ,oum
708 3833 840 3898 alternis
863 3834 1012 3899 bracchia
1035 3835 1171 3899 mittunt

293 3951 324 4012 et
345 3947 484 4011 referunt
506 3946 605 4012 oeulis
628 3953 751 4031 gesturo
774 3948 858 4032 pede
881 3949 1107 4014 convenienti?

291 4060 432 4145 scilieet,
448 4067 516 4128 7777
539 4061 670 4129 madent
692 4062 864 4128 simulacra
887 4069 919 4128 et
940 4062 1034 4128 docte
1055 4069 1231 4146 vagentur,

298 4313 346 4359 766
366 4311 455 4374 litique
476 4306 488 4379 Η
511 4314 559 4361 795
579 4313 757 4363 Consentirnus
778 4311 791 4380 Η
813 4315 859 4361 791
881 4319 995 4375 repetunt
