3140 5036
235 361 237 366 ¹
290 371 331 436 96
832 364 877 426 ΙΙΙ

290 535 409 599 addere
432 534 515 598 eninr
539 533 639 616 partis
661 537 716 596 aut
738 531 848 598 ordine
870 532 1024 598 traiecere
1048 538 1192 598 aecumst

291 653 346 712 aut
368 646 488 729 aliquid
510 667 637 730 prosum
662 646 702 710 de
725 667 848 710 summa
870 646 1036 710 detrahere
1060 645 1177 724 hilum,

215 782 265 830 515
291 767 485 827 commutare
507 761 646 825 animum
671 761 722 842 qui
746 779 879 841 cumque
901 759 1044 824 adoritur
1066 766 1098 824 et
1119 761 1187 851 iniit

290 882 345 941 aut
367 877 461 940 aliam
487 874 631 957 quamuis
654 880 801 938 naturam
822 873 949 938 flectere
973 875 1116 956 quaerit.

292 997 324 1055 at
345 1010 449 1070 neque
472 990 637 1054 transferri
659 989 719 1054 sibi
742 988 842 1072 partis
865 1008 925 1052 nee
948 989 1043 1054 tribui
1066 989 1132 1052 vult

289 1104 458 1168 inmortale
482 1103 568 1184 quod
590 1107 638 1168 est
661 1101 827 1184 quicquam
851 1121 954 1186 neque
977 1101 1116 1167 defluere
1137 1101 1255 1166 hilum:

289 1239 362 1281 nam
387 1218 471 1299 quod
494 1237 628 1299 cumque
651 1217 717 1281 suis
739 1221 893 1280 mutatum
916 1216 1032 1282 finibus
1055 1215 1139 1294 exit,

216 1351 266 1398 555
292 1331 439 1396 continno
463 1332 524 1396 hoc
545 1351 630 1396 mors
653 1337 701 1396 est
723 1331 808 1396 illius
830 1329 917 1412 quod
939 1329 998 1394 suit
1019 1337 1113 1395 ante.

291 1465 367 1530 ergo
390 1446 514 1511 animus
534 1449 603 1512 sive
626 1446 802 1530 aegrescit,
819 1445 968 1510 mortalia
990 1447 1084 1526 signa

291 1559 403 1638 mittit,
420 1559 465 1622 uti
489 1559 602 1636 docui,
620 1579 676 1626 seu
697 1559 830 1624 flectitur
853 1579 874 1622 5
897 1559 1075 1623 medicina.

292 1692 393 1754 usque
417 1673 498 1737 adeo
521 1673 623 1738 salsae
644 1673 760 1738 rationi
781 1692 858 1737 vera
879 1673 1004 1738 videtur

292 1808 343 1852 res
366 1808 531 1854 occurrere
554 1795 585 1852 et
607 1789 758 1872 effugium
779 1787 987 1872 praecludere
1010 1787 1114 1870 cunti,

218 1922 267 1968 555
294 1901 489 1985 ancipitique
511 1903 648 1968 refirtatu
670 1903 858 1968 convincere
879 1901 1016 1966 falsum.

331 2017 476 2098 Denique
499 2037 598 2100 saepe
619 2016 778 2081 hominem
801 2017 967 2100 paulatim*¹
978 2016 1134 2081 cernimus
1155 2016 1202 2080 ire

292 2136 323 2195 et
344 2132 546 2196 membratim
567 2133 696 2197 vitalem
720 2130 897 2214 deperdere
922 2151 1070 2210 5555555;

292 2245 324 2309 15
346 2245 484 2329 pedibus
506 2247 641 2330 primum
664 2246 781 2328 digitos
802 2245 960 2312 livescere
983 2253 1015 2312 et
1036 2246 1173 2328 unguis,

195 2345 207 2362 ⁸
293 2359 369 2424 inde
391 2360 493 2444 pedes
516 2368 547 2426 ct
569 2383 661 2427 crura
684 2365 761 2428 mori
775 2415 782 2442 ‚
798 2369 871 2447 post
892 2362 968 2427 inde
989 2381 1047 2445 per
1070 2365 1157 2426 artus

219 2494 269 2542 535
293 2474 341 2538 ire
363 2474 445 2538 alios
466 2475 590 2540 tractim
614 2478 711 2558 gelidi
735 2477 870 2561 vestigia
894 2477 967 2541 leti.

230 2591 233 2600 '
294 2587 447 2686 scinditur
469 2610 569 2672 usquc
592 2590 674 2656 adco
698 2591 778 2657 haee
800 2593 949 2674 qnoniam
973 2596 1087 2655 natura
1110 2607 1169 2652 nec
1190 2607 1252 2653 uno

291 2707 435 2786 ternpore
457 2705 581 2769 sincera
604 2705 730 2790 existit,
748 2707 890 2772 mortalis
908 2705 1107 2770 habendast.

295 2817 378 2898 quod
402 2817 429 2881 si
452 2819 533 2882 forte
556 2825 650 2902 putas
673 2821 776 2904 ipsam
799 2840 833 2884 se
856 2838 952 2903 posse
974 2839 1032 2902 per
1054 2824 1141 2880 artus

292 2931 445 2998 introsum
468 2930 594 2998 trahere
617 2939 649 3000 et
669 2935 769 3018 partis
791 2934 969 2998 conducere
991 2933 1024 2995 in
1046 2951 1142 2994 unum

219 3064 269 3111 555
293 3051 389 3127 atque
412 3045 484 3110 ideo
509 3049 628 3114 cunctis
652 3068 776 3125 sensum
802 3047 960 3112 deducere
983 3045 1151 3129 membris,

145 3154 148 3160 ’
294 3167 328 3223 at
350 3161 437 3225 locus
459 3161 514 3225 ille
537 3168 665 3242 tamen,
682 3182 743 3244 quo
767 3163 861 3245 copia
882 3167 971 3226 tanta
994 3159 1115 3225 animai

295 3273 435 3356 cogitur,
451 3275 483 3338 in
507 3294 604 3340 sensu
627 3277 721 3341 debet
743 3279 864 3342 maiore
886 3275 1010 3354 rideri;

295 3387 348 3468 qui
372 3390 521 3470 quoniam
545 3397 751 3473 nusquamst,
767 3391 800 3454 ni
823 3392 954 3466 mirum,
971 3394 1005 3452 ut
1026 3387 1163 3452 diximus
1185 3390 1279 3469 ante,

295 3499 449 3565 dilaniata
471 3501 559 3567 toras
582 3503 795 3587 dispargitur,
812 3503 918 3568 interit
940 3522 1038 3583 ergo.

220 3633 270 3680 545
296 3615 371 3696 quin
395 3616 490 3680 etiam
512 3616 538 3680 si
560 3617 625 3680 iam
647 3617 746 3680 libeat
769 3615 944 3681 concedere
970 3613 1107 3696 falsum,

295 3734 327 3794 et
349 3729 427 3794 dare
449 3749 545 3814 posse
567 3729 709 3793 animam
731 3729 903 3810 glomerari
926 3729 959 3792 in
979 3745 1112 3810 corpore
1133 3745 1261 3810 eorum,

295 3843 416 3908 lumina
439 3843 492 3925 qui
515 3843 636 3907 lincunt
657 3842 837 3908 moribundi
858 3839 1091 3927 particulatim,

295 3958 464 4022 mortalem
486 3963 592 4022 tamen
616 3975 687 4022 5555
710 3957 850 4022 animam
872 3957 997 4024 fateare
1019 3968 1170 4039 5555555,
1210 3965 1214 3972 “

299 4224 349 4270 522
369 4221 459 4272 deocui
480 4221 493 4291 ll
513 4224 563 4272 523
583 4221 689 4273 rationis
708 4219 721 4290 ll
742 4224 792 4273 525
812 4187 936 4273 refutatur
961 4219 974 4290 Η
999 4224 1046 4272 531
1068 4231 1143 4284 atque
1161 4217 1247 4268 animo
1272 4216 1285 4287 Η
1311 4219 1361 4268 535
1380 4217 1417 4268 di·

302 4310 393 4358 ducere
412 4307 426 4377 Η
447 4312 497 4359 538
516 4317 574 4358 autc
593 4311 731 4361 emmaum.
1408 4325 1411 4332 “
