3140 5036
178 562 326 627 omnibus
351 582 423 628 esse
445 564 542 644 igitur
562 567 647 627 totas
669 562 811 628 dicemus
834 563 866 626 in
888 564 951 628 illis

102 696 153 744 665
179 676 346 761 particulis
369 677 522 742 animas?
540 683 573 742 at
595 697 634 742 ea
656 677 779 743 ratione
801 684 951 760 sequetur

179 811 275 855 unam
300 792 492 857 animantem
517 793 642 858 animas
664 791 815 856 habuisse
837 793 870 856 in
892 812 1024 876 corpore
1048 795 1184 861 multas.

179 925 255 986 ergo
280 906 412 972 divisast
434 927 474 972 ea
497 927 581 989 quae
603 906 663 970 fuit
685 927 750 970 una
772 907 866 971 simul
890 927 961 972 cum

179 1040 332 1105 corpore;
348 1042 412 1103 qua
434 1026 564 1105 propter
586 1022 720 1086 mortale
742 1027 910 1103 utrumque
932 1024 1159 1108 putandumst,

177 1134 210 1197 in
233 1136 350 1200 multas
373 1135 525 1216 quoniam
547 1135 648 1218 partis
671 1135 836 1201 disciditur
858 1156 979 1218 aeque.

100 1273 153 1319 670
223 1252 394 1314 Praeterea
417 1249 443 1312 si
466 1250 643 1314 inmortalis
665 1256 782 1314 natura
804 1251 924 1315 animai

177 1369 304 1430 constat
326 1369 357 1427 66
378 1364 411 1427 16
434 1364 775 1448 corpusnascentibus
796 1365 995 1450 insinuatur,

177 1499 233 1544 cur
255 1498 351 1563 super
373 1485 446 1542 ante
468 1483 570 1542 actam
594 1484 730 1542 aetatem
755 1479 936 1546 meminisse
962 1483 1149 1567 nequimus,

178 1614 237 1658 nec
259 1593 398 1678 vestigia
420 1598 581 1676 gestarum
604 1613 708 1658 rerum
731 1593 799 1657 6116
821 1599 997 1661 tenemus?

175 1728 250 1772 nam
275 1709 302 1773 61
325 1713 412 1774 66666
436 1713 564 1792 operest
586 1707 684 1772 animi
706 1713 829 1772 mutata
851 1714 1013 1792 potestas,

99 1845 151 1891 675
177 1821 281 1887 omnis
303 1829 338 1886 ut
359 1828 503 1887 actarum
526 1821 679 1886 exciderit
700 1822 870 1886 retinentia
891 1843 1016 1903 rerum,

177 1957 261 2014 non,
277 1943 311 2000 ut
334 1937 467 2021 opinor,
483 1936 517 2000 id
540 1936 645 2001 61666
668 1938 733 2000 iam
756 1937 893 2021 longiter
916 1947 1023 2025 errat3

177 2072 242 2135 qua
264 2059 394 2136 propter
416 2051 540 2117 fateare
561 2059 725 2117 necessest
747 2072 829 2134 quae
851 2053 911 2117 fuit
932 2060 1006 2119 6666

176 2167 356 2244 interiisse,
372 2172 404 2231 66
427 2186 509 2248 quae
532 2185 616 2230 nunc
639 2171 687 2230 est
709 2186 886 2231 66666666
909 2174 1069 2234 creatam.

220 2283 393 2347 Praeterea
415 2281 443 2346 si
465 2282 528 2344 iam
551 2277 694 2364 perfecto
718 2300 853 2364 corpore
875 2282 968 2347 nobis

99 2420 152 2466 666
176 2395 288 2462 inferri
311 2396 438 2461 solitast
461 2394 559 2458 animi
580 2394 688 2459 vivata
710 2399 853 2478 potestas

176 2518 242 2576 tum
265 2531 336 2576 cum
359 2510 520 2594 gignimur
542 2515 573 2574 et
594 2509 687 2582 61666,
704 2529 775 2574 cum
797 2510 894 2574 limen
917 2511 1053 2599 inimus,

176 2626 264 2692 baud
282 2627 328 2690 166
350 2623 559 2690 conveniebat
582 2623 626 2686 uti
650 2643 720 2687 enm
745 2645 877 2708 corpore
901 2633 1020 2692 66666

177 2764 249 2809 cum
271 2740 421 2806 membris
443 2738 591 2804 videatur
612 2738 645 2802 in
666 2738 736 2822 ipso
760 2739 919 2820 sanguine
942 2760 1069 2826 cresso,

177 2857 234 2924 sed
257 2857 308 2921 vel
331 2861 366 2920 66
387 2855 420 2918 16
444 2872 546 2940 cavea
569 2873 627 2939 per
649 2873 684 2918 se
707 2854 769 2918 sibi
790 2854 900 2919 vivere
924 2854 1026 2918 solam

99 2997 152 3045 685
179 2971 347 3055 convenit,
365 2975 400 3033 ut
422 2988 518 3034 sensu
541 2989 655 3053 corpus
678 2975 786 3034 tamen
808 2975 918 3033 arceat
940 2989 1033 3036 omna
1047 2952 1069 3034 .’

100 3111 153 3158 696
179 3087 265 3171 quod
286 3086 355 3151 fieri
376 3089 477 3148 totum
500 3088 610 3146 contra
632 3079 803 3147 manifesta
825 3083 918 3148 docet
941 3103 1013 3148 res:

176 3220 316 3283 namque
338 3201 385 3264 ita
408 3217 532 3264 conexa
555 3201 604 3262 est
626 3217 683 3281 per
705 3216 804 3262 venas
826 3197 952 3262 viscera
975 3217 1091 3264 nervos

177 3334 335 3399 ossaque,
352 3314 395 3378 uti
420 3311 532 3376 dentes
556 3332 683 3395 quoque
706 3331 803 3377 sensu
824 3312 1073 3397 participentur;

178 3449 304 3496 morsus
326 3433 361 3492 66
382 3427 523 3511 indicat,
539 3433 571 3492 et
592 3426 712 3511 gelidai
735 3428 875 3510 stringor
897 3427 1012 3510 aquai,

180 3551 211 3610 66
231 3545 316 3630 lapis
339 3561 511 3628 expressus
534 3542 664 3607 subiens
687 3562 705 3608 6
726 3542 871 3624 frugibus
894 3563 1008 3627 asper.

102 3685 154 3733 686
181 3681 280 3742 quare
303 3663 400 3730 etiam
423 3667 519 3742 atque
541 3657 639 3724 etiam
662 3676 767 3740 neque
791 3658 923 3742 originis
945 3677 1017 3726 6666
1038 3661 1244 3744 putandumst

182 3779 321 3863 expertis
344 3777 469 3842 animas
491 3793 551 3840 nec
572 3772 627 3837 leti
650 3772 723 3854 lege
747 3772 888 3838 solutas:

180 3913 255 3958 nam
277 3888 494 3974 nequc'tanto
518 3906 614 3973 opere
637 3885 763 3950 adnecti
785 3887 927 3970 potuisse
948 3886 1157 3970 putandumst

181 4007 365 4092 corporibus
387 4004 506 4070 nostris
527 4002 723 4069 extrinsecus
744 4000 946 4083 insinuatas,

186 4183 236 4231 665
255 4181 353 4230 animas
372 4179 428 4230 bis.
455 4174 468 4245 ΙΙ
494 4180 545 4227 674
564 4189 641 4240 opere
660 4173 762 4222 animist
786 4170 800 4241 Η
825 4173 874 4221 676
895 4171 926 4220 61)
951 4166 965 4240 Η
990 4171 1092 4234 longius
1118 4167 1131 4238 ΙΙ
1160 4172 1210 4220 680
1229 4169 1306 4220 661166

185 4269 289 4318 animist
314 4264 328 4334 ΙΙ
354 4268 405 4318 686
424 4265 503 4314 afluat
526 4258 539 4331 ll
566 4263 614 4316 691
634 4260 732 4310 viscera
749 4274 794 4328 per
811 4273 887 4310 venas
912 4260 925 4329 Η
953 4261 1003 4316 693
1022 4257 1126 4308 Morbus
1151 4253 1164 4328 ll
1188 4271 1269 4329 aque.
1291 4252 1303 4328 ll

186 4359 237 4410 694
256 4370 388 4421 oppressus
406 4353 496 4404 subitis
