3140 5032
274 355 334 418 184
820 348 847 410 V

271 516 411 590 destitit,
428 523 462 580 ut
482 516 595 580 mulier
617 515 720 599 spatio
743 515 872 580 defessa
896 523 1041 582 vetusto.

272 635 373 693 mutat
396 629 480 693 enim
503 628 612 693 mundi
635 637 782 694 naturam
804 630 900 694 totius
923 636 1034 713 aetas,

274 763 313 807 ex
337 743 464 824 alioque
486 743 570 806 clius
593 750 693 808 status
716 744 864 826 excipere
887 744 995 807 omnia
1019 745 1135 821 debet,

136 943 145 948 .
199 877 249 924 880
274 875 333 920 nec
354 861 464 919 manet
486 854 554 920 ulla
577 857 625 920 sui
649 857 762 922 similis
784 877 835 922 res
850 882 856 920 :
873 857 980 920 omnia
1003 858 1160 940 migrant,

275 969 381 1035 omnia
404 976 575 1034 commutat
602 979 715 1037 natura
739 980 769 1038 et
791 976 914 1037 vertere
937 955 1042 1054 cogit.

274 1100 413 1164 namque
437 1084 516 1146 aliut
538 1087 691 1167 putrescit
713 1093 745 1151 et
766 1107 848 1152 aevo
873 1084 978 1150 debile
1000 1085 1153 1167 languet,

275 1216 369 1279 prmo
392 1196 471 1260 aliut
494 1199 641 1264 clarescit
664 1208 693 1266 et
717 1221 734 1265 e
758 1199 989 1281 contemptibus
1012 1199 1098 1262 exit.

276 1309 321 1374 sic
343 1308 440 1390 igitur
461 1315 570 1377 mundi
594 1320 739 1379 naturam
762 1312 859 1378 totius
882 1319 973 1376 aetas

200 1443 251 1490 838
277 1429 397 1506 mutat,
415 1430 446 1488 et
469 1446 507 1488 ex
532 1428 595 1491 alio
618 1434 735 1492 terram
759 1431 861 1491 status
884 1425 1001 1509 excipit
1023 1425 1125 1508 aiter,

184 1591 187 1600 .
277 1537 362 1618 quod
384 1544 460 1622 pote
483 1541 528 1602 uti
551 1548 709 1623 nequeat,
725 1541 826 1624 possit
849 1537 935 1618 qnod
958 1559 1021 1602 non
1044 1539 1116 1602 tulit
1138 1544 1233 1602 ante.

317 1653 478 1733 Multaque
500 1659 566 1717 tum
589 1655 684 1718 tellus
708 1654 802 1719 etiam
826 1625 973 1735 portenta
996 1671 1105 1718 creare

279 1772 423 1830 conatast
445 1769 527 1831 mira
549 1768 634 1834 facie
657 1768 868 1848 membrisque
892 1773 1022 1850 coorta,

280 1879 521 1964 androgynum,
538 1883 754 1962 interut'raquc
777 1901 837 1945 nec
859 1887 983 1964 utrum,
1000 1873 1157 1962 utrimque
1179 1885 1356 1956 remotum,
1384 1851 1391 1868 ι

201 2015 252 2061 840
277 1994 356 2057 orba
379 1993 497 2079 pedum
521 1997 634 2078 partim
650 2046 657 2080 ,
674 2016 825 2060 manuum
848 1995 980 2060 viduata
1003 1995 1162 2079 vicissim,

277 2113 366 2172 muta
389 2107 457 2173 sine
481 2128 535 2172 ore
559 2111 675 2185 etiam,
692 2111 761 2174 sine
785 2111 872 2174 voltu
894 2129 991 2174 caeca
1015 2116 1161 2192 reperta,

277 2223 446 2305 vinctaque
469 2225 680 2290 membrorum
703 2245 761 2309 per
783 2229 886 2289 totum
910 2244 1025 2308 corpus
1049 2223 1217 2306 adhaesa,

279 2357 338 2402 nec
361 2336 469 2402 facere
491 2345 525 2402 ut
546 2346 678 2422 possent
702 2339 872 2420 quicquam
896 2359 955 2402 nec
978 2325 1091 2402 cedere
1115 2357 1275 2419 quoquam

279 2472 338 2516 uec
360 2453 461 2515 vitare
485 2453 603 2516 maium
625 2472 685 2518 nec
708 2471 833 2516 sumere
856 2451 941 2532 quod
966 2452 1049 2518 foret
1071 2471 1169 2516 usus.

204 2587 255 2634 845
280 2573 388 2630 cetera
411 2565 450 2629 de
472 2585 589 2650 genere
612 2567 672 2632 boc
695 2571 837 2632 monstra
860 2586 897 2630 ac
920 2571 1070 2649 portenta
1092 2567 1242 2643 creabat,

279 2701 320 2746 ne
345 2681 517 2762 quiquam,
534 2683 683 2764 quoniam
708 2687 820 2746 natura
843 2681 1015 2746 absterruit
1038 2687 1185 2757 auctum,

282 2814 342 2860 nec
364 2801 496 2878 potuere
519 2796 658 2878 cupitum
681 2795 795 2860 aetatis
818 2801 953 2874 tangere
975 2794 1086 2859 florem

285 2928 344 2974 nee
366 2910 505 2993 reperire
529 2912 633 2976 cibum
656 2928 716 2974 nec
738 2908 827 2988 iungi
851 2927 908 2990 per
929 2907 1067 2974 Veneris
1090 2928 1163 2974 res.

281 3023 379 3087 multa
401 3022 547 3088 videmus
570 3027 655 3089 enim
678 3027 774 3090 robus
799 3042 988 3088 concurrere
1010 3023 1148 3107 debere,

206 3157 257 3205 850
283 3143 317 3201 ut
341 3138 550 3220 propagando
573 3138 697 3221 possint
719 3137 897 3222 procudere
921 3139 1049 3219 saecla3

282 3251 403 3334 pabula
425 3251 559 3335 primum
584 3258 618 3314 ut
640 3253 723 3328 sint,
742 3254 895 3334 genitalia
919 3251 1035 3318 deinde
1059 3272 1115 3336 per
1137 3257 1225 3316 artus

284 3365 407 3428 semina
431 3385 493 3446 qua
516 3365 639 3447 possint
659 3368 810 3432 membris
835 3387 965 3431 manare
987 3346 1142 3448 remissa,¹

284 3477 466 3559 feminaque
491 3487 524 3542 ut
546 3481 689 3544 maribus
713 3469 859 3564 coniungi
883 3481 985 3564 possit
1008 3499 1124 3563 avere,

284 3597 455 3672 mutuaque
478 3593 640 3660 insinuent
662 3595 744 3659 inter·
766 3615 801 3659 se
824 3594 945 3675 gaudia
967 3583 1120 3674 uterque.

210 3725 259 3772 885
328 3706 490 3788 Multaque
515 3714 580 3772 tum
602 3709 762 3773 interiisse
785 3707 982 3770 animantum
1006 3707 1114 3772 saecla
1136 3710 1301 3772 necessest

283 3840 342 3884 nec
365 3821 507 3903 potuisse
530 3823 739 3907 propagando
762 3822 937 3905 procudere
961 3823 1103 3906 prolem.
1150 3830 1153 3835 '

288 4030 337 4076 833
358 4029 448 4077 crescit
471 4028 483 4095 Η
508 4031 679 4080 consiacum.
706 4026 720 4096 Η
746 4030 795 4077 836
816 4027 899 4091 potuit
923 4028 935 4096 Η
961 4031 1012 4078 888
1032 4028 1095 4077 facit
1119 4025 1132 4096 Η
1158 4030 1207 4076 889
1227 4026 1412 4088 Androgynem

287 4114 352 4162 inter
370 4123 439 4164 utras
457 4125 653 4178 necutrumque
672 4125 805 4179 utrumque
832 4113 844 4181 Η
870 4117 919 4164 841
941 4115 1023 4164 Multa
1049 4113 1062 4182 Η
1087 4118 1138 4163 844
1160 4116 1228 4162 volct
1253 4109 1265 4180 Η
1293 4114 1342 4160 846
1366 4111 1411 4158 ab·-

286 4201 378 4250 serruit
402 4202 414 4267 Η
442 4204 492 4252 850
511 4205 660 4266 procludere
681 4201 693 4270 Η
719 4206 767 4252 851
789 4203 901 4267 primunt
927 4200 940 4270 Η
965 4205 1014 4251 852
1034 4203 1115 4265 possis
1135 4198 1148 4266 Η
1169 4201 1295 4251 remissis.
1319 4197 1333 4272 Η
1358 4203 1410 4257 883

285 4288 380 4338 marius
403 4291 415 4356 Η
437 4290 518 4356 possis
536 4289 645 4342 habere.
668 4287 680 4360 Η
701 4291 752 4338 854
771 4291 862 4338 Mutua
880 4290 923 4354 qni
943 4297 1054 4340 metuent
