3140 5036
73 594 124 640 114
150 572 266 655 quidve
288 575 364 638 mali
386 574 493 640 fuerat
514 575 608 640 nobis
630 591 790 656 101ζο110
813 569 963 640 01011111Ι

70 707 119 753 111
146 693 241 754 natus
263 689 347 753 enim
370 690 467 755 debet
488 689 542 772 qni
565 707 704 772 eumque
726 695 774 754 011
795 689 878 754 velle
900 708 1029 754 manere

145 801 179 866 in
205 803 291 880 vita,
308 802 412 868 donee
434 803 582 869 retinebit
604 803 726 868 blanda
747 805 917 888 voluptas:

145 917 198 998 qui
226 937 398 998 numquam
420 937 496 982 vero
518 918 603 983 vitae
625 917 764 999 gustavit
785 937 927 982 amorem

68 1051 119 1108 110
144 1051 203 1096 neo
224 1031 283 1095 suit
303 1032 337 1095 in
359 1053 512 1117 numero,
531 1033 607 1114 quid
631 1033 722 1097 obest
744 1052 808 1096 non
831 1051 902 1097 esse
925 1031 1097 1098 creatum?

144 1146 327 1230 exemplum
348 1167 443 1230 porro
466 1145 639 1231 gignundis
662 1147 758 1210 rebus
781 1147 906 1231 etipsa

143 1261 271 1325 notities
293 1261 456 1324 hominum
479 1259 529 1324 dis
550 1260 636 1324 unde
659 1266 708 1325 est
729 1260 826 1324 insita
847 1261 1004 1346 primum,

146 1373 222 1455 quid
243 1375 362 1439 vellent
382 1373 489 1440 faeere
511 1381 545 1438 11
567 1374 684 1442 unirent
705 1375 877 1456 animoque
900 1375 1065 1453 viderent,

145 1507 249 1569 quove
271 1487 397 1553 modost
418 1509 567 1570 umquam
589 1489 639 1554 vis
662 1491 790 1570 cognita
812 1490 1058 1574 principiorum,

68 1624 117 1670 rso
144 1602 286 1684 quidque
308 1601 391 1667 inter
413 1623 485 1669 sese
506 1611 684 1688 permutato
708 1605 819 1669 ordine
841 1609 994 1688 possent,

142 1717 171 1782 si
193 1737 257 1780 non
279 1716 352 1800 ipsa
374 1717 462 1782 dedit
484 1719 644 1803 specimen
666 1724 783 1783 natur-a
806 1718 963 1784 creandi?

142 1850 284 1913 namque
299 1831 351 1894 ita
373 1833 473 1896 multa
494 1833 598 1898 modis
621 1833 727 1899 multis
749 1833 926 1917 primordia
948 1853 1054 1899 rerum

144 1967 185 2011 ex
207 1945 330 2009 infinito
353 1945 417 2010 iam
439 1953 583 2032 tempore
605 1949 726 2031 percita
748 1948 855 2032 plagis

143 2058 403 2144 ponderibusque
425 2061 708 2127 suis-consuerunt
730 2062 855 2126 concita
877 2061 952 2126 ferri

67 2196 116 2242 roo
144 2173 398 2256 omnimodisque
421 2179 507 2240 eolre
532 2181 627 2258 atque
651 2175 757 2239 omnia
779 2181 1014 2259 pertemptare,

145 2308 230 2371 quoe
253 2307 387 2369 eumque
409 2289 491 2352 inter
514 2309 548 2355 se
571 2295 704 2373 possent
726 2308 902 2372 congressa
924 2308 1057 2372 creare,

142 2410 264 2468 utnon
287 2403 328 2466 sit
350 2401 483 2489 mirum,
499 2404 526 2470 si
549 2404 581 2468 in
603 2398 677 2468 talis
701 2402 912 2486 disposituras

146 2513 333 2582 deciderunt
355 2536 482 2599 quoque
506 2523 538 2582 et
560 2517 593 2580 in
616 2517 688 2582 talis
710 2537 828 2582 venere
851 2523 999 2601 meatus,

143 2631 291 2713 qualibus
314 2630 394 2695 haee
416 2650 521 2697 rerum
544 2631 665 2713 geritur·
689 2651 771 2695 nuno
793 2651 922 2696 summa
945 2631 1114 2696 novando.

68 2767 117 2815 195
189 2743 281 2823 Quod
304 2745 330 2809 si
352 2744 416 2808 iam
438 2764 543 2809 rerum
565 2745 711 2826 ignorem
733 2744 908 2830 primordia
932 2763 1020 2827 quae
1043 2745 1126 2828 sint,

146 2859 207 2924 hoo
229 2864 339 2924 tamen
362 2838 402 2924 011
423 2859 503 2942 ipsis
529 2859 612 2925 eaeli
636 2860 815 2926 rationibus
837 2859 940 2925 ausim
1073 2852 1077 2862 '

145 2973 332 3038 confirmare
355 2972 493 3054 aliisque
516 2992 555 3038 ex
581 2974 675 3039 rebus
699 2974 835 3039 reddere
858 2972 985 3056 multis,

84 3129 90 3134 -
149 3107 357 3169 nequaquam
379 3086 473 3151 nobis
496 3086 647 3151 divinitus
671 3107 742 3151 esse
763 3094 912 3170 paratam

147 3207 294 3265 naturam
317 3220 442 3264 rerum:
459 3205 550 3263 tanta
572 3205 636 3264 stat
657 3199 802 3285 praedita
824 3201 941 3284 eulpa.

68 3309 121 3382 2'oo
149 3315 304 3398 principio
329 3320 483 3395 quantum
507 3314 589 3380 oaeli
613 3314 692 3396 tegit
714 3313 851 3398 impetus
873 3314 1007 3396 ingens,

146 3427 222 3493 inde
244 3429 385 3511 aliquam
408 3434 530 3512 partem
544 3435 676 3495 vmontes
699 3429 863 3510 silvaeque
886 3428 1025 3494 ferarum
1049 3493 1051 3497 ,

148 3542 342 3627 possedere,
358 3549 468 3608 tenent
489 3563 587 3628 rupes
609 3549 785 3626 vastaeque
807 3543 946 3628 paludes

147 3660 179 3720 01
199 3676 309 3740 mare,
326 3659 411 3738 quod
433 3658 500 3722 late
522 3663 676 3722 terrarum
700 3658 832 3724 distinet
855 3679 948 3724 oras.

148 3770 223 3834 inde
247 3771 329 3834 duas
351 3792 446 3854 porro
468 3791 571 3854 prope
594 3772 695 3855 partis
719 3772 860 3838 fervidus
882 3773 979 3836 ardor

71 3903 123 3950 101
149 3883 368 3967 adsiduusque
391 3884 457 3968 geli
481 3905 575 3950 casus
598 3885 783 3948 mortalibus
806 3884 930 3949 aufert.

151 3997 237 4080 qnod
260 4018 358 4082 super
381 4002 431 4063 est
453 3997 522 4063 arvi
537 4048 544 4077 ‚
561 4004 668 4063 tamen
690 3997 723 4061 id
746 3975 862 4063 natura
883 4018 943 4063 sua
965 3998 997 4062 vi

157 4271 205 4318 182
226 4239 324 4337 dlvis'll
347 4273 395 4320 185
415 4286 441 4321 se
462 4267 474 4337 ll
497 4272 545 4319 186
565 4270 674 4334 speeiem
694 4268 707 4340 ll
730 4273 778 4320 187
796 4269 953 4319 multimodis
973 4267 987 4339 Η
1008 4272 1055 4319 191
1076 4271 1173 4336 possint
1193 4271 1204 4340 ll
1227 4271 1275 4320 193

153 4365 279 4407 maestus.
301 4354 314 4425 ll
337 4361 385 4407 195
405 4357 425 4406 si
445 4359 584 4410 omissam.
605 4356 618 4426 ll
640 4360 687 4407 201
710 4357 810 4406 avidam

1011 4427 1089 4525 rr*'
