3140 5036
300 403 360 466 118
847 397 873 460 V

296 576 328 634 et
350 569 402 652 qui
425 567 537 632 5515151
559 566 675 647 gelidis
699 588 719 631 5
741 565 870 650 15135515
892 568 1011 631 umbris

298 682 462 749 aestiferas
484 702 586 764 usque
608 683 641 746 in
663 683 763 766 portis
786 680 963 746 5115551515
986 683 1100 764 51355.

298 805 328 862 51
349 799 472 862 5511555
501 798 573 881 pari
601 798 708 862 lunam
736 797 912 878 stellasque
941 797 1164 880 putandumst,

296 931 378 992 quoe
399 913 531 976 volvunt
553 930 687 993 magnos
710 912 742 974 iu
765 913 892 995 5553515
916 912 1045 976 orbibus
1068 931 1193 986 55555,

222 1045 272 1093 545
296 1026 422 1090 aeribus
444 1045 540 1109 posse
563 1025 694 1090 51155515
718 1045 735 1090 5
758 1025 905 1109 partibus
928 1026 995 1090 155.

297 1160 404 1205 55555
427 1141 517 1206 vides
540 1139 634 1204 etiam
657 1139 792 1204 diversis
813 1139 925 1204 nubila
948 1141 1049 1204 ventis

297 1254 441 1320 diversas
464 1255 510 1318 ire
533 1253 565 1316 in
589 1255 689 1336 portis
711 1254 837 1319 inferna
860 1253 1035 1337 supernis?

299 1369 353 1449 qui
376 1370 479 1433 minus
501 1368 558 1432 1115
582 1373 699 1450 queant
720 1387 778 1451 per
800 1387 934 1450 magnos
956 1367 1095 1433 aetheris
1118 1369 1205 1434 orbis

295 1484 438 1549 aestibus
460 1484 543 1548 inter
564 1503 599 1547 55
623 1482 757 1548 diversis
779 1482 888 1548 sidera
911 1483 1016 1547 ferri?

221 1619 271 1667 555
338 1601 380 1663 At
402 1618 465 1663 nox
490 1598 592 1660 obruit
614 1597 736 1677 ingenti
759 1597 895 1680 55113155
919 1604 1039 1680 155555,

296 1718 351 1777 551
374 1712 428 1776 ubi
451 1711 491 1775 de
514 1711 612 1791 15535
636 1731 729 1776 55555
752 1712 801 1775 551
824 1711 935 1774 ultima
957 1713 1040 1776 55511

295 1827 421 1911 impulit
443 1831 539 1906 atque
562 1845 638 1890 suos
662 1824 782 1890 51115511
804 1825 978 1908 languidus
1000 1825 1085 1906 13515

295 1959 468 2004 555555555
491 1941 569 2004 11555
592 1944 624 2003 51
646 1939 825 2004 labefactos
848 1949 921 2005 ae're
945 1941 1064 2023 555115,

296 2059 351 2117 551
374 2053 450 2134 quia
473 2055 530 2118 sub
554 2060 655 2117 155555
679 2073 805 2119 5555555
829 2060 1014 2119 convortere
1037 2054 1124 2133 55311

221 2187 271 2234 555
296 2168 344 2231 vis
367 2167 480 2232 eadem
495 2219 502 2244 ‚
520 2187 616 2252 supra
639 2186 724 2248 quae
746 2177 849 2234 terras
872 2169 999 2251 pertulit
1022 2169 1153 2233 orbem.

333 2283 493 2364 Tempore
516 2282 590 2346 item
615 2289 699 2346 55515
724 2303 850 2348 roseam
874 2283 996 2346 Matuta
1018 2302 1077 2366 per
1099 2303 1173 2348 5555

297 2395 436 2460 55115515
460 2416 608 2460 auroram
631 2396 736 2461 differt
759 2405 790 2462 et
812 2398 934 2461 lumina
955 2395 1091 2480 pandit,

295 2515 350 2573 551
373 2510 447 2589 quia
471 2510 518 2573 sol
542 2510 646 2594 idern,
665 2512 722 2575 sub
745 2511 921 2576 terrasilis
944 2515 1129 2591 revertens,

294 2622 445 2704 anfioipat
469 2624 591 2687 eaelum
614 2624 714 2690 radiis
737 2625 913 2690 5555551555
935 2630 1118 2707 temptans,

220 2756 270 2802 660
296 2737 450 2817 aut-quia
473 2739 665 2802 conveniunt
686 2739 778 2822 ignes
802 2745 833 2802 et
855 2740 980 2804 semino
1002 2738 1102 2800 multa

294 2849 453 2915 confluere
476 2850 600 2916 ardoris
624 2860 816 2917 consuerunt
838 2860 980 2936 tempore
1004 2859 1110 2926 serto,

294 2984 375 3044 quae
398 2962 518 3029 saoiunt
540 2966 618 3031 solis
641 2984 874 3048 nova-semper
896 2965 1018 3030 lumina
1040 2965 1151 3047 gigni;

297 3077 383 3157 quod
405 3099 506 3160 genus
529 3079 637 3144 Idaeis
660 3079 747 3144 forna
771 3086 819 3144 est
841 3100 859 3146 5
882 3081 1042 3144 montibus
1066 3081 1140 3144 altis

293 3189 456 3273 dispersos
478 3193 561 3276 13515
585 3195 697 3258 orienti
720 3194 841 3260 lumine
865 3196 971 3278 oerni,

220 3321 269 3368 555
294 3303 369 3368 inde
393 3307 477 3371 55155
500 3307 629 3388 globum
653 3309 743 3390 quasi
766 3309 800 3372 in
823 3331 918 3374 unum
942 3315 973 3374 et
996 3307 1151 3372 eontioore
1174 3307 1302 3370 orbern.

294 3425 482 3483 555155555
504 3420 583 3484 illud
607 3421 640 3484 in
663 3421 713 3485 his
737 3424 831 3488 rebus
854 3422 1000 3486 mirabile
1024 3421 1120 3486 debet

292 3550 366 3596 5555
381 3580 389 3614 ,
406 3533 491 3613 quod
515 3533 596 3598 15555
617 3534 701 3614 13515
724 3542 787 3598 tarn
812 3543 898 3601 55515
921 3541 1064 3617 temporo
1087 3543 1221 3617 possunt

293 3645 417 3710 semina
441 3644 599 3710 confluere
624 3654 655 3712 51
677 3647 755 3712 55115
778 3666 929 3730 reparare
952 3647 1106 3712 nitorem.

291 3759 390 3823 multa
411 3758 555 3825 videmus
579 3761 682 3834 55155,
701 3765 786 3826 55515
810 3779 893 3841 quae
916 3766 1059 3845 tempore
1081 3762 1161 3826 fiunt

216 3892 266 3939 555
293 3874 441 3938 omnibus
463 3874 495 3938 in
517 3874 632 3940 rebus.
647 3874 820 3940 florescunt
842 3882 984 3960 tempore
1008 3881 1092 3942 55515

292 3988 425 4052 arbusta
447 3994 585 4054 5155515
608 3989 768 4054 dimittunt
791 3998 933 4074 tempore
955 3990 1086 4056 florem:

292 4261 404 4311 6481115
429 4259 442 4328 ti
469 4262 517 4310 651
538 4261 631 4310 vetims
657 4257 671 4327 11
698 4219 749 4309 (154
768 4269 920 4310 5555551555
940 4261 953 4328 Η
979 4263 1029 4310 656
1049 4274 1121 4308 55555
1139 4265 1239 4307 matura
1258 4258 1270 4325 [1
1297 4263 1346 4311 661
1367 4277 1380 4310 5
1401 4258 1416 4330 ΙΙ

294 4347 342 4393 667
363 4347 459 4409 possit.
713 4357 715 4364 ’
