<?xml version="1.0" encoding="UTF-8"?>
<!DOCTYPE html PUBLIC "-//W3C//DTD XHTML 1.0 Transitional//EN"
    "http://www.w3.org/TR/xhtml1/DTD/xhtml1-transitional.dtd">
<html xmlns="http://www.w3.org/1999/xhtml" xml:lang="en" lang="en">
 <head>
  <title>
</title>
<meta http-equiv="Content-Type" content="text/html;charset=utf-8" />
  <meta name='ocr-system' content='tesseract 3.04.00' />
  <meta name='ocr-capabilities' content='ocr_page ocr_carea ocr_par ocr_line ocrx_word'/>
</head>
<body>
  <div class='ocr_page' id='page_1' title='image "./tlucreticarider25carugoog_0053.png"; bbox 0 0 3108 5034; ppageno 0'>
   <div class='ocr_carea' id='block_1_1' title="bbox 327 389 906 458">
    <p class='ocr_par' dir='ltr' id='par_1_1' title="bbox 327 389 906 458">
     <span class='ocr_line' id='line_1_1' title="bbox 327 389 906 458; baseline -0.007 -2"><span class='ocrx_word' id='word_1_1' title='bbox 327 393 370 458; x_wconf 86' lang='grc'><strong>46</strong></span> <span class='ocrx_word' id='word_1_2' title='bbox 873 389 906 452; x_wconf 90' lang='grc' dir='ltr'>Π</span> 
     </span>
    </p>
   </div>
   <div class='ocr_carea' id='block_1_2' title="bbox 240 555 1427 3499">
    <p class='ocr_par' dir='ltr' id='par_1_2' title="bbox 240 555 1427 3499">
     <span class='ocr_line' id='line_1_2' title="bbox 328 555 1060 640; baseline 0 -18"><span class='ocrx_word' id='word_1_3' title='bbox 328 560 463 640; x_wconf 86' lang='lat' dir='ltr'><strong>ipsaque</strong></span> <span class='ocrx_word' id='word_1_4' title='bbox 487 555 616 620; x_wconf 88' lang='lat' dir='ltr'><strong>dednoit</strong></span> <span class='ocrx_word' id='word_1_5' title='bbox 637 555 702 619; x_wconf 84' lang='lat' dir='ltr'><strong>dux</strong></span> <span class='ocrx_word' id='word_1_6' title='bbox 724 557 809 622; x_wconf 85' lang='lat' dir='ltr'><strong>vitae</strong></span> <span class='ocrx_word' id='word_1_7' title='bbox 832 557 886 622; x_wconf 90' lang='lat' dir='ltr'><strong>dia</strong></span> <span class='ocrx_word' id='word_1_8' title='bbox 909 557 1060 640; x_wconf 86' lang='lat' dir='ltr'><strong>voluptas</strong></span> 
     </span>
     <span class='ocr_line' id='line_1_3' title="bbox 331 667 1209 756; baseline -0.001 -19"><span class='ocrx_word' id='word_1_9' title='bbox 331 679 363 738; x_wconf 90' lang='lat' dir='ltr'><strong>et</strong></span> <span class='ocrx_word' id='word_1_10' title='bbox 383 691 436 736; x_wconf 88' lang='lat' dir='ltr'><strong>res</strong></span> <span class='ocrx_word' id='word_1_11' title='bbox 459 688 515 753; x_wconf 89' lang='lat' dir='ltr'><strong>per</strong></span> <span class='ocrx_word' id='word_1_12' title='bbox 538 667 670 734; x_wconf 85' lang='lat' dir='ltr'><strong>Veneris</strong></span> <span class='ocrx_word' id='word_1_13' title='bbox 693 671 854 735; x_wconf 82' lang='lat' dir='ltr'><strong>blanditur</strong></span> <span class='ocrx_word' id='word_1_14' title='bbox 877 673 987 738; x_wconf 79' lang='lat' dir='ltr'><strong>saecla</strong></span> <span class='ocrx_word' id='word_1_15' title='bbox 1009 678 1209 756; x_wconf 81' lang='lat' dir='ltr'>propagent,</span> 
     </span>
     <span class='ocr_line' id='line_1_4' title="bbox 329 783 1261 869; baseline 0 -19"><span class='ocrx_word' id='word_1_16' title='bbox 329 807 369 850; x_wconf 87' lang='lat' dir='ltr'><strong>ne</strong></span> <span class='ocrx_word' id='word_1_17' title='bbox 391 804 492 869; x_wconf 82' lang='lat' dir='ltr'><strong>genus</strong></span> <span class='ocrx_word' id='word_1_18' title='bbox 516 784 642 849; x_wconf 88' lang='lat' dir='ltr'><strong>oeoidat</strong></span> <span class='ocrx_word' id='word_1_19' title='bbox 664 783 856 850; x_wconf 88' lang='lat' dir='ltr'><strong>humanum.</strong></span> <span class='ocrx_word' id='word_1_20' title='bbox 873 806 1007 868; x_wconf 89' lang='lat' dir='ltr'><strong>quorum</strong></span> <span class='ocrx_word' id='word_1_21' title='bbox 1030 783 1139 850; x_wconf 91' lang='lat' dir='ltr'><strong>omnia</strong></span> <span class='ocrx_word' id='word_1_22' title='bbox 1161 806 1261 852; x_wconf 86' lang='lat' dir='ltr'><strong>eausa</strong></span> 
     </span>
     <span class='ocr_line' id='line_1_5' title="bbox 256 898 1168 981; baseline -0.004 -13"><span class='ocrx_word' id='word_1_23' title='bbox 256 922 304 968; x_wconf 73' lang='lat' dir='ltr'><strong>rra</strong></span> <span class='ocrx_word' id='word_1_24' title='bbox 330 899 531 965; x_wconf 80' lang='lat' dir='ltr'><strong>constituisse</strong></span> <span class='ocrx_word' id='word_1_25' title='bbox 555 898 633 964; x_wconf 88' lang='lat' dir='ltr'><strong>deos</strong></span> <span class='ocrx_word' id='word_1_26' title='bbox 656 919 726 962; x_wconf 89' lang='lat' dir='ltr'><strong>oum</strong></span> <span class='ocrx_word' id='word_1_27' title='bbox 750 899 894 981; x_wconf 81' lang='lat' dir='ltr'><strong>fingunt,</strong></span> <span class='ocrx_word' id='word_1_28' title='bbox 911 898 1048 964; x_wconf 88' lang='lat' dir='ltr'><strong>omnibu’</strong></span> <span class='ocrx_word' id='word_1_29' title='bbox 1072 901 1168 964; x_wconf 86' lang='lat' dir='ltr'><strong>rebus</strong></span> 
     </span>
     <span class='ocr_line' id='line_1_6' title="bbox 329 1013 1146 1099; baseline 0 -21"><span class='ocrx_word' id='word_1_30' title='bbox 329 1036 446 1099; x_wconf 84' lang='lat' dir='ltr'><strong>magno</strong></span> <span class='ocrx_word' id='word_1_31' title='bbox 471 1034 568 1097; x_wconf 88' lang='lat' dir='ltr'><strong>opere</strong></span> <span class='ocrx_word' id='word_1_32' title='bbox 589 1035 610 1078; x_wconf 86' lang='lat' dir='ltr'><strong>a</strong></span> <span class='ocrx_word' id='word_1_33' title='bbox 630 1033 706 1077; x_wconf 86' lang='lat' dir='ltr'><strong>vera</strong></span> <span class='ocrx_word' id='word_1_34' title='bbox 729 1013 811 1094; x_wconf 88' lang='lat' dir='ltr'><strong>lapsi</strong></span> <span class='ocrx_word' id='word_1_35' title='bbox 833 1015 957 1079; x_wconf 87' lang='lat' dir='ltr'><strong>ratione</strong></span> <span class='ocrx_word' id='word_1_36' title='bbox 979 1013 1146 1078; x_wconf 90' lang='lat' dir='ltr'><strong>videntur.</strong></span> 
     </span>
     <span class='ocr_line' id='line_1_7' title="bbox 329 1128 1274 1211; baseline -0.001 -17"><span class='ocrx_word' id='word_1_37' title='bbox 329 1150 403 1194; x_wconf 88' lang='lat' dir='ltr'><strong>narn</strong></span> <span class='ocrx_word' id='word_1_38' title='bbox 427 1130 572 1210; x_wconf 89' lang='lat' dir='ltr'><strong>quamvis</strong></span> <span class='ocrx_word' id='word_1_39' title='bbox 594 1149 695 1192; x_wconf 89' lang='lat' dir='ltr'><strong>rerum</strong></span> <span class='ocrx_word' id='word_1_40' title='bbox 720 1129 864 1211; x_wconf 84' lang='lat' dir='ltr'><strong>ignorem</strong></span> <span class='ocrx_word' id='word_1_41' title='bbox 888 1128 1064 1211; x_wconf 89' lang='lat' dir='ltr'><strong>primordia</strong></span> <span class='ocrx_word' id='word_1_42' title='bbox 1086 1150 1169 1210; x_wconf 85' lang='lat' dir='ltr'><strong>quae</strong></span> <span class='ocrx_word' id='word_1_43' title='bbox 1192 1131 1274 1207; x_wconf 85' lang='lat' dir='ltr'><strong>sint,</strong></span> 
     </span>
     <span class='ocr_line' id='line_1_8' title="bbox 329 1242 1118 1324; baseline -0.003 -16"><span class='ocrx_word' id='word_1_44' title='bbox 329 1244 390 1308; x_wconf 88' lang='lat' dir='ltr'><strong>hoe</strong></span> <span class='ocrx_word' id='word_1_45' title='bbox 411 1248 520 1306; x_wconf 87' lang='lat' dir='ltr'><strong>tamen</strong></span> <span class='ocrx_word' id='word_1_46' title='bbox 547 1261 586 1306; x_wconf 84' lang='lat' dir='ltr'><strong>ex</strong></span> <span class='ocrx_word' id='word_1_47' title='bbox 608 1243 686 1324; x_wconf 84' lang='lat' dir='ltr'><strong>ipsis</strong></span> <span class='ocrx_word' id='word_1_48' title='bbox 709 1242 790 1307; x_wconf 85' lang='lat' dir='ltr'><strong>eaeli</strong></span> <span class='ocrx_word' id='word_1_49' title='bbox 814 1242 991 1308; x_wconf 85' lang='lat' dir='ltr'><strong>rationibus</strong></span> <span class='ocrx_word' id='word_1_50' title='bbox 1017 1243 1118 1308; x_wconf 87' lang='lat' dir='ltr'><strong>ausim</strong></span> 
     </span>
     <span class='ocr_line' id='line_1_9' title="bbox 331 1357 1163 1441; baseline 0.001 -19"><span class='ocrx_word' id='word_1_51' title='bbox 331 1357 517 1422; x_wconf 85' lang='lat' dir='ltr'><strong>confirmare</strong></span> <span class='ocrx_word' id='word_1_52' title='bbox 541 1357 678 1438; x_wconf 87' lang='lat' dir='ltr'><strong>aliisque</strong></span> <span class='ocrx_word' id='word_1_53' title='bbox 701 1377 741 1421; x_wconf 84' lang='lat' dir='ltr'><strong>ex</strong></span> <span class='ocrx_word' id='word_1_54' title='bbox 763 1359 858 1423; x_wconf 89' lang='lat' dir='ltr'><strong>rebus</strong></span> <span class='ocrx_word' id='word_1_55' title='bbox 881 1357 1015 1422; x_wconf 88' lang='lat' dir='ltr'><strong>reddere</strong></span> <span class='ocrx_word' id='word_1_56' title='bbox 1038 1358 1163 1441; x_wconf 89' lang='lat' dir='ltr'><strong>multis,</strong></span> 
     </span>
     <span class='ocr_line' id='line_1_10' title="bbox 256 1467 1142 1553; baseline -0.002 -15"><span class='ocrx_word' id='word_1_57' title='bbox 256 1493 305 1540; x_wconf 84' lang='lat' dir='ltr'><strong>rso</strong></span> <span class='ocrx_word' id='word_1_58' title='bbox 329 1493 534 1553; x_wconf 86' lang='lat' dir='ltr'><strong>nequaquam</strong></span> <span class='ocrx_word' id='word_1_59' title='bbox 557 1472 650 1536; x_wconf 84' lang='lat' dir='ltr'><strong>nobis</strong></span> <span class='ocrx_word' id='word_1_60' title='bbox 674 1471 824 1538; x_wconf 82' lang='lat' dir='ltr'><strong>divinitus</strong></span> <span class='ocrx_word' id='word_1_61' title='bbox 847 1493 919 1538; x_wconf 85' lang='lat' dir='ltr'><strong>esse</strong></span> <span class='ocrx_word' id='word_1_62' title='bbox 942 1478 1084 1538; x_wconf 76' lang='lat' dir='ltr'><strong>creatam</strong></span> <span class='ocrx_word' id='word_1_63' title='bbox 1139 1467 1142 1473; x_wconf 79' lang='grc'><strong>’</strong></span> 
     </span>
     <span class='ocr_line' id='line_1_11' title="bbox 329 1586 1126 1670; baseline 0.003 -22"><span class='ocrx_word' id='word_1_64' title='bbox 329 1593 475 1648; x_wconf 89' lang='lat' dir='ltr'><strong>naturam</strong></span> <span class='ocrx_word' id='word_1_65' title='bbox 498 1586 629 1649; x_wconf 84' lang='lat' dir='ltr'><strong>mundi:</strong></span> <span class='ocrx_word' id='word_1_66' title='bbox 646 1593 735 1650; x_wconf 89' lang='lat' dir='ltr'><strong>tanta</strong></span> <span class='ocrx_word' id='word_1_67' title='bbox 758 1594 821 1652; x_wconf 90' lang='lat' dir='ltr'><strong>stat</strong></span> <span class='ocrx_word' id='word_1_68' title='bbox 842 1588 989 1670; x_wconf 87' lang='lat' dir='ltr'><strong>praedita</strong></span> <span class='ocrx_word' id='word_1_69' title='bbox 1011 1587 1126 1670; x_wconf 87' lang='lat' dir='ltr'><strong>eulpa.</strong></span> 
     </span>
     <span class='ocr_line' id='line_1_12' title="bbox 331 1700 1179 1785; baseline 0.004 -24"><span class='ocrx_word' id='word_1_70' title='bbox 331 1718 412 1779; x_wconf 87' lang='lat' dir='ltr'><strong>quae</strong></span> <span class='ocrx_word' id='word_1_71' title='bbox 435 1700 491 1763; x_wconf 90' lang='lat' dir='ltr'><strong>tibi</strong></span> <span class='ocrx_word' id='word_1_72' title='bbox 513 1701 689 1783; x_wconf 87' lang='lat' dir='ltr'><strong>posterius,</strong></span> <span class='ocrx_word' id='word_1_73' title='bbox 706 1701 853 1779; x_wconf 89' lang='lat' dir='ltr'><strong>Memmi,</strong></span> <span class='ocrx_word' id='word_1_74' title='bbox 869 1701 1024 1767; x_wconf 76' lang='lat' dir='ltr'><strong>faciemus</strong></span> <span class='ocrx_word' id='word_1_75' title='bbox 1048 1708 1179 1785; x_wconf 84' lang='lat' dir='ltr'><strong>aperta:</strong></span> 
     </span>
     <span class='ocr_line' id='line_1_13' title="bbox 329 1813 1239 1902; baseline 0.004 -26"><span class='ocrx_word' id='word_1_76' title='bbox 329 1833 414 1876; x_wconf 89' lang='lat' dir='ltr'><strong>nuno</strong></span> <span class='ocrx_word' id='word_1_77' title='bbox 435 1813 467 1876; x_wconf 91' lang='lat' dir='ltr'><strong>id</strong></span> <span class='ocrx_word' id='word_1_78' title='bbox 492 1815 577 1894; x_wconf 89' lang='lat' dir='ltr'><strong>quod</strong></span> <span class='ocrx_word' id='word_1_79' title='bbox 600 1835 695 1898; x_wconf 89' lang='lat' dir='ltr'><strong>super</strong></span> <span class='ocrx_word' id='word_1_80' title='bbox 717 1823 766 1880; x_wconf 90' lang='lat' dir='ltr'><strong>est</strong></span> <span class='ocrx_word' id='word_1_81' title='bbox 788 1817 828 1880; x_wconf 89' lang='lat' dir='ltr'><strong>de</strong></span> <span class='ocrx_word' id='word_1_82' title='bbox 851 1816 987 1880; x_wconf 89' lang='lat' dir='ltr'><strong>motibus</strong></span> <span class='ocrx_word' id='word_1_83' title='bbox 1010 1815 1239 1902; x_wconf 81' lang='lat' dir='ltr'><strong>expediemus]</strong></span> 
     </span>
     <span class='ocr_line' id='line_1_14' title="bbox 373 1928 1370 2014; baseline 0.003 -23"><span class='ocrx_word' id='word_1_84' title='bbox 373 1928 465 1992; x_wconf 86' lang='lat' dir='ltr'><strong>Nune</strong></span> <span class='ocrx_word' id='word_1_85' title='bbox 487 1929 576 1994; x_wconf 87' lang='lat' dir='ltr'><strong>loeus</strong></span> <span class='ocrx_word' id='word_1_86' title='bbox 600 1935 668 2012; x_wconf 84' lang='lat' dir='ltr'><strong>est,</strong></span> <span class='ocrx_word' id='word_1_87' title='bbox 685 1936 719 1993; x_wconf 92' lang='lat' dir='ltr'><strong>ut</strong></span> <span class='ocrx_word' id='word_1_88' title='bbox 742 1931 873 2014; x_wconf 84' lang='lat' dir='ltr'><strong>opinor,</strong></span> <span class='ocrx_word' id='word_1_89' title='bbox 891 1930 925 1993; x_wconf 92' lang='lat' dir='ltr'><strong>in</strong></span> <span class='ocrx_word' id='word_1_90' title='bbox 948 1930 996 1993; x_wconf 87' lang='lat' dir='ltr'><strong>bis</strong></span> <span class='ocrx_word' id='word_1_91' title='bbox 1019 1929 1100 1992; x_wconf 90' lang='lat' dir='ltr'><strong>illud</strong></span> <span class='ocrx_word' id='word_1_92' title='bbox 1123 1951 1250 2011; x_wconf 91' lang='lat' dir='ltr'><strong>quoque</strong></span> <span class='ocrx_word' id='word_1_93' title='bbox 1273 1931 1370 1995; x_wconf 86' lang='lat' dir='ltr'><strong>rebus</strong></span> 
     </span>
     <span class='ocr_line' id='line_1_15' title="bbox 258 2042 1096 2126; baseline -0.001 -18"><span class='ocrx_word' id='word_1_94' title='bbox 258 2062 306 2108; x_wconf 82' lang='lat' dir='ltr'><strong>reo</strong></span> <span class='ocrx_word' id='word_1_95' title='bbox 331 2042 518 2106; x_wconf 79' lang='lat' dir='ltr'><strong>confirmare</strong></span> <span class='ocrx_word' id='word_1_96' title='bbox 540 2043 616 2126; x_wconf 91' lang='lat' dir='ltr'><strong>tibi,</strong></span> <span class='ocrx_word' id='word_1_97' title='bbox 633 2045 753 2122; x_wconf 78' lang='lat' dir='ltr'><strong>nullam</strong></span> <span class='ocrx_word' id='word_1_98' title='bbox 778 2065 843 2108; x_wconf 88' lang='lat' dir='ltr'><strong>rem</strong></span> <span class='ocrx_word' id='word_1_99' title='bbox 866 2064 961 2126; x_wconf 88' lang='lat' dir='ltr'><strong>posse</strong></span> <span class='ocrx_word' id='word_1_100' title='bbox 985 2064 1043 2108; x_wconf 87' lang='lat' dir='ltr'><strong>sua</strong></span> <span class='ocrx_word' id='word_1_101' title='bbox 1064 2044 1096 2108; x_wconf 88' lang='lat' dir='ltr'><strong>vi</strong></span> 
     </span>
     <span class='ocr_line' id='line_1_16' title="bbox 331 2159 1178 2240; baseline 0.005 -20"><span class='ocrx_word' id='word_1_102' title='bbox 331 2176 514 2240; x_wconf 77' lang='lat' dir='ltr'><strong>corpoream</strong></span> <span class='ocrx_word' id='word_1_103' title='bbox 539 2177 663 2222; x_wconf 88' lang='lat' dir='ltr'><strong>sursum</strong></span> <span class='ocrx_word' id='word_1_104' title='bbox 686 2159 761 2224; x_wconf 83' lang='lat' dir='ltr'><strong>ferni</strong></span> <span class='ocrx_word' id='word_1_105' title='bbox 786 2179 971 2240; x_wconf 82' lang='lat' dir='ltr'><strong>sursumque</strong></span> <span class='ocrx_word' id='word_1_106' title='bbox 993 2178 1119 2237; x_wconf 85' lang='lat' dir='ltr'><strong>meare;</strong></span> <span class='ocrx_word' id='word_1_107' title='bbox 1173 2215 1178 2224; x_wconf 93' lang='lat'>.</span> 
     </span>
     <span class='ocr_line' id='line_1_17' title="bbox 286 2259 1234 2356; baseline 0.003 -22"><span class='ocrx_word' id='word_1_108' title='bbox 286 2311 288 2313; x_wconf 96' lang='lat'>-</span> <span class='ocrx_word' id='word_1_109' title='bbox 329 2291 370 2336; x_wconf 86' lang='lat' dir='ltr'><strong>ne</strong></span> <span class='ocrx_word' id='word_1_110' title='bbox 393 2270 448 2335; x_wconf 91' lang='lat' dir='ltr'><strong>tibi</strong></span> <span class='ocrx_word' id='word_1_111' title='bbox 472 2271 548 2337; x_wconf 84' lang='lat' dir='ltr'><strong>dent</strong></span> <span class='ocrx_word' id='word_1_112' title='bbox 571 2273 604 2336; x_wconf 91' lang='lat' dir='ltr'><strong>in</strong></span> <span class='ocrx_word' id='word_1_113' title='bbox 627 2294 666 2338; x_wconf 89' lang='lat' dir='ltr'><strong>eo</strong></span> <span class='ocrx_word' id='word_1_114' title='bbox 689 2274 889 2338; x_wconf 87' lang='lat' dir='ltr'><strong>flammarum</strong></span> <span class='ocrx_word' id='word_1_115' title='bbox 912 2294 1047 2356; x_wconf 79' lang='lat' dir='ltr'><strong>corpora</strong></span> <span class='ocrx_word' id='word_1_116' title='bbox 1069 2259 1234 2338; x_wconf 84' lang='lat' dir='ltr'><strong>fraudem.</strong></span> 
     </span>
     <span class='ocr_line' id='line_1_18' title="bbox 329 2388 1251 2470; baseline 0.004 -22"><span class='ocrx_word' id='word_1_117' title='bbox 329 2405 438 2450; x_wconf 85' lang='lat' dir='ltr'><strong>sursus</strong></span> <span class='ocrx_word' id='word_1_118' title='bbox 461 2388 543 2451; x_wconf 91' lang='lat' dir='ltr'><strong>enim</strong></span> <span class='ocrx_word' id='word_1_119' title='bbox 567 2408 678 2452; x_wconf 83' lang='lat' dir='ltr'><strong>versus</strong></span> <span class='ocrx_word' id='word_1_120' title='bbox 702 2388 873 2467; x_wconf 80' lang='lat' dir='ltr'><strong>gignuntur</strong></span> <span class='ocrx_word' id='word_1_121' title='bbox 896 2394 927 2452; x_wconf 88' lang='lat' dir='ltr'><strong>et</strong></span> <span class='ocrx_word' id='word_1_122' title='bbox 949 2389 1100 2470; x_wconf 82' lang='lat' dir='ltr'><strong>augmina</strong></span> <span class='ocrx_word' id='word_1_123' title='bbox 1124 2394 1251 2452; x_wconf 89' lang='lat' dir='ltr'><strong>sumunt</strong></span> 
     </span>
     <span class='ocr_line' id='line_1_19' title="bbox 330 2501 1186 2584; baseline 0.002 -20"><span class='ocrx_word' id='word_1_124' title='bbox 330 2507 361 2564; x_wconf 88' lang='lat' dir='ltr'><strong>et</strong></span> <span class='ocrx_word' id='word_1_125' title='bbox 384 2521 510 2564; x_wconf 87' lang='lat' dir='ltr'><strong>sursum</strong></span> <span class='ocrx_word' id='word_1_126' title='bbox 532 2501 653 2566; x_wconf 88' lang='lat' dir='ltr'><strong>nitidae</strong></span> <span class='ocrx_word' id='word_1_127' title='bbox 676 2502 784 2584; x_wconf 79' lang='lat' dir='ltr'><strong>fruges</strong></span> <span class='ocrx_word' id='word_1_128' title='bbox 808 2503 1000 2582; x_wconf 80' lang='lat' dir='ltr'><strong>arbustaque</strong></span> <span class='ocrx_word' id='word_1_129' title='bbox 1024 2509 1186 2582; x_wconf 85' lang='lat' dir='ltr'><strong>oresount,</strong></span> 
     </span>
     <span class='ocr_line' id='line_1_20' title="bbox 257 2615 1427 2698; baseline 0.003 -20"><span class='ocrx_word' id='word_1_130' title='bbox 257 2634 305 2679; x_wconf 83' lang='lat' dir='ltr'><strong>ruo</strong></span> <span class='ocrx_word' id='word_1_131' title='bbox 329 2615 493 2698; x_wconf 89' lang='lat' dir='ltr'><strong>pondera,</strong></span> <span class='ocrx_word' id='word_1_132' title='bbox 511 2623 661 2697; x_wconf 92' lang='lat' dir='ltr'><strong>quantum</strong></span> <span class='ocrx_word' id='word_1_133' title='bbox 684 2617 717 2680; x_wconf 93' lang='lat' dir='ltr'><strong>in</strong></span> <span class='ocrx_word' id='word_1_134' title='bbox 741 2637 775 2681; x_wconf 90' lang='lat' dir='ltr'><strong>se</strong></span> <span class='ocrx_word' id='word_1_135' title='bbox 798 2623 865 2693; x_wconf 86' lang='lat' dir='ltr'><strong>est,</strong></span> <span class='ocrx_word' id='word_1_136' title='bbox 883 2636 954 2680; x_wconf 86' lang='lat' dir='ltr'><strong>eum</strong></span> <span class='ocrx_word' id='word_1_137' title='bbox 976 2618 1125 2682; x_wconf 87' lang='lat' dir='ltr'><strong>deorsum</strong></span> <span class='ocrx_word' id='word_1_138' title='bbox 1149 2624 1262 2682; x_wconf 89' lang='lat' dir='ltr'><strong>ouuota</strong></span> <span class='ocrx_word' id='word_1_139' title='bbox 1284 2618 1427 2682; x_wconf 87' lang='lat' dir='ltr'><strong>ferantur</strong></span> 
     </span>
     <span class='ocr_line' id='line_1_21' title="bbox 330 2732 1148 2812; baseline 0.004 -19"><span class='ocrx_word' id='word_1_140' title='bbox 330 2749 388 2794; x_wconf 89' lang='lat' dir='ltr'><strong>neo</strong></span> <span class='ocrx_word' id='word_1_141' title='bbox 411 2751 483 2794; x_wconf 90' lang='lat' dir='ltr'><strong>oum</strong></span> <span class='ocrx_word' id='word_1_142' title='bbox 506 2732 673 2796; x_wconf 78' lang='lat' dir='ltr'><strong>subsiliunt</strong></span> <span class='ocrx_word' id='word_1_143' title='bbox 695 2732 788 2812; x_wconf 86' lang='lat' dir='ltr'><strong>ignes</strong></span> <span class='ocrx_word' id='word_1_144' title='bbox 810 2732 852 2794; x_wconf 90' lang='lat' dir='ltr'><strong>ad</strong></span> <span class='ocrx_word' id='word_1_145' title='bbox 875 2737 958 2796; x_wconf 88' lang='lat' dir='ltr'><strong>teeta</strong></span> <span class='ocrx_word' id='word_1_146' title='bbox 984 2733 1148 2798; x_wconf 89' lang='lat' dir='ltr'><strong>domorum</strong></span> 
     </span>
     <span class='ocr_line' id='line_1_22' title="bbox 331 2844 1147 2928; baseline 0.006 -22"><span class='ocrx_word' id='word_1_147' title='bbox 331 2850 362 2907; x_wconf 89' lang='lat' dir='ltr'><strong>et</strong></span> <span class='ocrx_word' id='word_1_148' title='bbox 385 2846 480 2909; x_wconf 84' lang='lat' dir='ltr'><strong>celeri</strong></span> <span class='ocrx_word' id='word_1_149' title='bbox 503 2844 631 2908; x_wconf 89' lang='lat' dir='ltr'><strong>flamma</strong></span> <span class='ocrx_word' id='word_1_150' title='bbox 653 2847 824 2928; x_wconf 83' lang='lat' dir='ltr'><strong>degustant</strong></span> <span class='ocrx_word' id='word_1_151' title='bbox 845 2846 933 2928; x_wconf 84' lang='lat' dir='ltr'><strong>tigna</strong></span> <span class='ocrx_word' id='word_1_152' title='bbox 959 2848 1147 2928; x_wconf 87' lang='lat' dir='ltr'><strong>trabesque,</strong></span> 
     </span>
     <span class='ocr_line' id='line_1_23' title="bbox 332 2949 1333 3044; baseline 0.003 -23"><span class='ocrx_word' id='word_1_153' title='bbox 332 2965 446 3040; x_wconf 88' lang='lat' dir='ltr'><strong>sponte</strong></span> <span class='ocrx_word' id='word_1_154' title='bbox 469 2977 526 3022; x_wconf 91' lang='lat' dir='ltr'><strong>sua</strong></span> <span class='ocrx_word' id='word_1_155' title='bbox 548 2957 655 3024; x_wconf 86' lang='lat' dir='ltr'><strong>faeere</strong></span> <span class='ocrx_word' id='word_1_156' title='bbox 678 2961 711 3024; x_wconf 94' lang='lat' dir='ltr'><strong>id</strong></span> <span class='ocrx_word' id='word_1_157' title='bbox 735 2960 857 3024; x_wconf 83' lang='lat' dir='ltr'><strong>sinevi</strong></span> <span class='ocrx_word' id='word_1_158' title='bbox 880 2961 1046 3040; x_wconf 85' lang='lat' dir='ltr'><strong>subigente</strong></span> <span class='ocrx_word' id='word_1_159' title='bbox 1068 2949 1243 3044; x_wconf 87' lang='lat' dir='ltr'><strong>putandum</strong></span> <span class='ocrx_word' id='word_1_160' title='bbox 1266 2968 1333 3026; x_wconf 89' lang='lat' dir='ltr'><strong>est.</strong></span> 
     </span>
     <span class='ocr_line' id='line_1_24' title="bbox 332 3071 1298 3160; baseline 0.004 -27"><span class='ocrx_word' id='word_1_161' title='bbox 332 3071 416 3151; x_wconf 90' lang='lat' dir='ltr'><strong>quod</strong></span> <span class='ocrx_word' id='word_1_162' title='bbox 439 3091 539 3153; x_wconf 84' lang='lat' dir='ltr'><strong>genus</strong></span> <span class='ocrx_word' id='word_1_163' title='bbox 563 3081 629 3150; x_wconf 86' lang='lat' dir='ltr'><strong>est,</strong></span> <span class='ocrx_word' id='word_1_164' title='bbox 648 3080 755 3138; x_wconf 88' lang='lat' dir='ltr'><strong>nostro</strong></span> <span class='ocrx_word' id='word_1_165' title='bbox 780 3094 848 3138; x_wconf 89' lang='lat' dir='ltr'><strong>oom</strong></span> <span class='ocrx_word' id='word_1_166' title='bbox 872 3075 987 3139; x_wconf 87' lang='lat' dir='ltr'><strong>missus</strong></span> <span class='ocrx_word' id='word_1_167' title='bbox 1011 3095 1142 3160; x_wconf 78' lang='lat' dir='ltr'><strong>corpore</strong></span> <span class='ocrx_word' id='word_1_168' title='bbox 1166 3075 1298 3156; x_wconf 86' lang='lat' dir='ltr'><strong>sanguis</strong></span> 
     </span>
     <span class='ocr_line' id='line_1_25' title="bbox 257 3185 1092 3272; baseline 0.004 -22"><span class='ocrx_word' id='word_1_169' title='bbox 257 3205 305 3250; x_wconf 84' lang='lat' dir='ltr'><strong>roo</strong></span> <span class='ocrx_word' id='word_1_170' title='bbox 333 3185 447 3250; x_wconf 85' lang='lat' dir='ltr'><strong>emieat</strong></span> <span class='ocrx_word' id='word_1_171' title='bbox 469 3188 613 3252; x_wconf 88' lang='lat' dir='ltr'><strong>exultans</strong></span> <span class='ocrx_word' id='word_1_172' title='bbox 636 3190 699 3252; x_wconf 89' lang='lat' dir='ltr'><strong>alte</strong></span> <span class='ocrx_word' id='word_1_173' title='bbox 723 3188 904 3272; x_wconf 82' lang='lat' dir='ltr'><strong>spargitque</strong></span> <span class='ocrx_word' id='word_1_174' title='bbox 929 3210 1092 3255; x_wconf 84' lang='lat' dir='ltr'><strong>eruorem.</strong></span> 
     </span>
     <span class='ocr_line' id='line_1_26' title="bbox 240 3287 1169 3385; baseline 0.006 -22"><span class='ocrx_word' id='word_1_175' title='bbox 240 3287 252 3310; x_wconf 88' lang='lat'>&#39;</span> <span class='ocrx_word' id='word_1_176' title='bbox 332 3321 437 3366; x_wconf 91' lang='lat' dir='ltr'><strong>nonne</strong></span> <span class='ocrx_word' id='word_1_177' title='bbox 461 3302 550 3366; x_wconf 86' lang='lat' dir='ltr'><strong>vides</strong></span> <span class='ocrx_word' id='word_1_178' title='bbox 574 3303 668 3367; x_wconf 90' lang='lat' dir='ltr'><strong>etiam</strong></span> <span class='ocrx_word' id='word_1_179' title='bbox 692 3309 810 3384; x_wconf 90' lang='lat' dir='ltr'><strong>quanta</strong></span> <span class='ocrx_word' id='word_1_180' title='bbox 832 3304 863 3366; x_wconf 90' lang='lat' dir='ltr'><strong>vi</strong></span> <span class='ocrx_word' id='word_1_181' title='bbox 885 3305 976 3385; x_wconf 83' lang='lat' dir='ltr'><strong>tigna</strong></span> <span class='ocrx_word' id='word_1_182' title='bbox 998 3306 1169 3385; x_wconf 85' lang='lat' dir='ltr'><strong>trabesque</strong></span> 
     </span>
     <span class='ocr_line' id='line_1_27' title="bbox 331 3418 1285 3499; baseline 0.004 -21"><span class='ocrx_word' id='word_1_183' title='bbox 331 3421 461 3498; x_wconf 88' lang='lat' dir='ltr'><strong>respuat</strong></span> <span class='ocrx_word' id='word_1_184' title='bbox 482 3437 573 3480; x_wconf 89' lang='lat' dir='ltr'><strong>umor</strong></span> <span class='ocrx_word' id='word_1_185' title='bbox 596 3419 728 3496; x_wconf 78' lang='lat' dir='ltr'><strong>aquae?</strong></span> <span class='ocrx_word' id='word_1_186' title='bbox 751 3437 825 3481; x_wconf 86' lang='lat' dir='ltr'><strong>nam</strong></span> <span class='ocrx_word' id='word_1_187' title='bbox 849 3440 911 3499; x_wconf 94' lang='lat' dir='ltr'><strong>quo</strong></span> <span class='ocrx_word' id='word_1_188' title='bbox 935 3419 1038 3499; x_wconf 80' lang='lat' dir='ltr'><strong>magis</strong></span> <span class='ocrx_word' id='word_1_189' title='bbox 1061 3418 1198 3484; x_wconf 85' lang='lat' dir='ltr'><strong>ursimus</strong></span> <span class='ocrx_word' id='word_1_190' title='bbox 1221 3419 1285 3482; x_wconf 87' lang='lat' dir='ltr'><strong>alte</strong></span> 
     </span>
    </p>
   </div>
   <div class='ocr_carea' id='block_1_3' title="bbox 257 3527 1406 4074">
    <p class='ocr_par' dir='ltr' id='par_1_3' title="bbox 257 3527 1406 4074">
     <span class='ocr_line' id='line_1_28' title="bbox 332 3527 1153 3616; baseline 0.01 -26"><span class='ocrx_word' id='word_1_191' title='bbox 332 3527 457 3592; x_wconf 83' lang='lat' dir='ltr'><strong>deiecta</strong></span> <span class='ocrx_word' id='word_1_192' title='bbox 479 3535 510 3592; x_wconf 87' lang='lat' dir='ltr'><strong>et</strong></span> <span class='ocrx_word' id='word_1_193' title='bbox 533 3550 652 3612; x_wconf 82' lang='lat' dir='ltr'><strong>magna</strong></span> <span class='ocrx_word' id='word_1_194' title='bbox 675 3531 705 3596; x_wconf 87' lang='lat' dir='ltr'><strong>vi</strong></span> <span class='ocrx_word' id='word_1_195' title='bbox 728 3532 818 3596; x_wconf 89' lang='lat' dir='ltr'><strong>multi</strong></span> <span class='ocrx_word' id='word_1_196' title='bbox 840 3533 1014 3616; x_wconf 84' lang='lat' dir='ltr'><strong>pressimus</strong></span> <span class='ocrx_word' id='word_1_197' title='bbox 1037 3553 1153 3614; x_wconf 83' lang='lat' dir='ltr'><strong>aegre,</strong></span> 
     </span>
     <span class='ocr_line' id='line_1_29' title="bbox 330 3643 1250 3730; baseline 0.008 -25"><span class='ocrx_word' id='word_1_198' title='bbox 330 3648 394 3705; x_wconf 91' lang='lat' dir='ltr'><strong>tam</strong></span> <span class='ocrx_word' id='word_1_199' title='bbox 418 3643 533 3726; x_wconf 88' lang='lat' dir='ltr'><strong>eupide</strong></span> <span class='ocrx_word' id='word_1_200' title='bbox 556 3665 680 3710; x_wconf 84' lang='lat' dir='ltr'><strong>sursum</strong></span> <span class='ocrx_word' id='word_1_201' title='bbox 703 3647 839 3712; x_wconf 87' lang='lat' dir='ltr'><strong>removit</strong></span> <span class='ocrx_word' id='word_1_202' title='bbox 860 3647 960 3729; x_wconf 87' lang='lat' dir='ltr'><strong>magis</strong></span> <span class='ocrx_word' id='word_1_203' title='bbox 983 3651 1080 3726; x_wconf 85' lang='lat' dir='ltr'><strong>atque</strong></span> <span class='ocrx_word' id='word_1_204' title='bbox 1103 3647 1250 3730; x_wconf 88' lang='lat' dir='ltr'><strong>remittit,</strong></span> 
     </span>
     <span class='ocr_line' id='line_1_30' title="bbox 257 3758 1104 3843; baseline -0.001 -20"><span class='ocrx_word' id='word_1_205' title='bbox 257 3779 306 3824; x_wconf 82' lang='lat' dir='ltr'><strong>aoo</strong></span> <span class='ocrx_word' id='word_1_206' title='bbox 331 3758 403 3842; x_wconf 85' lang='lat' dir='ltr'><strong>plus</strong></span> <span class='ocrx_word' id='word_1_207' title='bbox 425 3765 459 3821; x_wconf 90' lang='lat' dir='ltr'><strong>ut</strong></span> <span class='ocrx_word' id='word_1_208' title='bbox 481 3765 571 3843; x_wconf 88' lang='lat' dir='ltr'><strong>parte</strong></span> <span class='ocrx_word' id='word_1_209' title='bbox 595 3759 682 3825; x_wconf 83' lang='lat' dir='ltr'><strong>foras</strong></span> <span class='ocrx_word' id='word_1_210' title='bbox 706 3767 868 3842; x_wconf 83' lang='lat' dir='ltr'><strong>emergant</strong></span> <span class='ocrx_word' id='word_1_211' title='bbox 890 3761 1104 3840; x_wconf 81' lang='lat' dir='ltr'><strong>exiliuntque.</strong></span> 
     </span>
     <span class='ocr_line' id='line_1_31' title="bbox 331 3872 1406 3958; baseline 0.001 -21"><span class='ocrx_word' id='word_1_212' title='bbox 331 3893 392 3937; x_wconf 85' lang='lat' dir='ltr'><strong>neo</strong></span> <span class='ocrx_word' id='word_1_213' title='bbox 414 3878 523 3939; x_wconf 89' lang='lat' dir='ltr'><strong>tamen</strong></span> <span class='ocrx_word' id='word_1_214' title='bbox 545 3873 646 3956; x_wconf 89' lang='lat' dir='ltr'><strong>haee,</strong></span> <span class='ocrx_word' id='word_1_215' title='bbox 665 3881 815 3954; x_wconf 89' lang='lat' dir='ltr'><strong>quantum</strong></span> <span class='ocrx_word' id='word_1_216' title='bbox 839 3882 887 3938; x_wconf 87' lang='lat' dir='ltr'><strong>est</strong></span> <span class='ocrx_word' id='word_1_217' title='bbox 908 3875 941 3938; x_wconf 93' lang='lat' dir='ltr'><strong>in</strong></span> <span class='ocrx_word' id='word_1_218' title='bbox 964 3894 1020 3958; x_wconf 88' lang='lat' dir='ltr'><strong>se,</strong></span> <span class='ocrx_word' id='word_1_219' title='bbox 1046 3872 1246 3958; x_wconf 87' lang='lat' dir='ltr'><strong>dubitamus,</strong></span> <span class='ocrx_word' id='word_1_220' title='bbox 1272 3875 1406 3958; x_wconf 91' lang='lat' dir='ltr'><strong>opinor,</strong></span> 
     </span>
     <span class='ocr_line' id='line_1_32' title="bbox 332 3987 1251 4074; baseline 0.004 -24"><span class='ocrx_word' id='word_1_221' title='bbox 332 3987 408 4068; x_wconf 92' lang='lat' dir='ltr'><strong>quin</strong></span> <span class='ocrx_word' id='word_1_222' title='bbox 430 4009 564 4054; x_wconf 81' lang='lat' dir='ltr'><strong>vanuum</strong></span> <span class='ocrx_word' id='word_1_223' title='bbox 586 4010 645 4074; x_wconf 87' lang='lat' dir='ltr'><strong>per</strong></span> <span class='ocrx_word' id='word_1_224' title='bbox 667 3989 761 4054; x_wconf 90' lang='lat' dir='ltr'><strong>inane</strong></span> <span class='ocrx_word' id='word_1_225' title='bbox 784 3988 933 4054; x_wconf 89' lang='lat' dir='ltr'><strong>deorsum</strong></span> <span class='ocrx_word' id='word_1_226' title='bbox 956 3996 1068 4054; x_wconf 80' lang='lat' dir='ltr'><strong>cunata</strong></span> <span class='ocrx_word' id='word_1_227' title='bbox 1091 3987 1251 4054; x_wconf 88' lang='lat' dir='ltr'><strong>ferantur.</strong></span> 
     </span>
    </p>
   </div>
   <div class='ocr_carea' id='block_1_4' title="bbox 332 4152 533 4164">
    <p class='ocr_par' dir='ltr' id='par_1_4' title="bbox 332 4152 533 4164">
     <span class='ocr_line' id='line_1_33' title="bbox 332 4152 533 4164; baseline 0.02 -6"><span class='ocrx_word' id='word_1_228' title='bbox 332 4152 533 4164; x_wconf 36' lang='lat' dir='ltr'><strong>*ms—-</strong></span> 
     </span>
    </p>
   </div>
   <div class='ocr_carea' id='block_1_5' title="bbox 337 4250 1457 4410">
    <p class='ocr_par' dir='ltr' id='par_1_5' title="bbox 337 4250 1457 4410">
     <span class='ocr_line' id='line_1_34' title="bbox 337 4250 1457 4323; baseline 0.003 -24"><span class='ocrx_word' id='word_1_229' title='bbox 337 4254 383 4300; x_wconf 89' lang='lat'><strong>181</strong></span> <span class='ocrx_word' id='word_1_230' title='bbox 405 4270 558 4318; x_wconf 86' lang='lat' dir='ltr'><strong>quamquam</strong></span> <span class='ocrx_word' id='word_1_231' title='bbox 576 4257 674 4318; x_wconf 88' lang='lat' dir='ltr'><strong>predita</strong></span> <span class='ocrx_word' id='word_1_232' title='bbox 694 4252 707 4323; x_wconf 99' lang='grc' dir='ltr'>Η</span> <span class='ocrx_word' id='word_1_233' title='bbox 730 4260 779 4304; x_wconf 84' lang='grc'><strong>184</strong></span> <span class='ocrx_word' id='word_1_234' title='bbox 798 4271 898 4317; x_wconf 90' lang='lat' dir='ltr'><strong>quoque</strong></span> <span class='ocrx_word' id='word_1_235' title='bbox 917 4255 980 4304; x_wconf 84' lang='lat' dir='ltr'><strong>illud</strong></span> <span class='ocrx_word' id='word_1_236' title='bbox 1004 4255 1017 4323; x_wconf 95' lang='grc' dir='ltr'>Η</span> <span class='ocrx_word' id='word_1_237' title='bbox 1043 4260 1091 4305; x_wconf 86' lang='grc'><strong>192</strong></span> <span class='ocrx_word' id='word_1_238' title='bbox 1112 4255 1185 4318; x_wconf 83' lang='lat' dir='ltr'><strong>signa</strong></span> <span class='ocrx_word' id='word_1_239' title='bbox 1206 4250 1218 4321; x_wconf 96' lang='grc' dir='ltr'>Η</span> <span class='ocrx_word' id='word_1_240' title='bbox 1241 4256 1289 4302; x_wconf 91' lang='grc'><strong>193</strong></span> <span class='ocrx_word' id='word_1_241' title='bbox 1309 4255 1423 4304; x_wconf 81' lang='lat' dir='ltr'><strong>subiecta</strong></span> <span class='ocrx_word' id='word_1_242' title='bbox 1444 4250 1457 4319; x_wconf 95' lang='grc' dir='ltr'>Η</span> 
     </span>
     <span class='ocr_line' id='line_1_35' title="bbox 338 4338 1377 4410; baseline 0.002 -23"><span class='ocrx_word' id='word_1_243' title='bbox 338 4343 386 4388; x_wconf 82' lang='grc'><strong>194</strong></span> <span class='ocrx_word' id='word_1_244' title='bbox 407 4356 419 4388; x_wconf 89' lang='lat' dir='ltr'><strong>e</strong></span> <span class='ocrx_word' id='word_1_245' title='bbox 440 4338 454 4408; x_wconf 94' lang='grc' dir='ltr'>Η</span> <span class='ocrx_word' id='word_1_246' title='bbox 476 4344 524 4388; x_wconf 83' lang='grc'><strong>197</strong></span> <span class='ocrx_word' id='word_1_247' title='bbox 545 4342 614 4389; x_wconf 88' lang='lat' dir='ltr'><strong>altu.</strong></span> <span class='ocrx_word' id='word_1_248' title='bbox 635 4340 648 4410; x_wconf 94' lang='grc' dir='ltr'>Η</span> <span class='ocrx_word' id='word_1_249' title='bbox 671 4345 719 4391; x_wconf 89' lang='lat'><strong>198</strong></span> <span class='ocrx_word' id='word_1_250' title='bbox 738 4344 847 4392; x_wconf 82' lang='lat' dir='ltr'><strong>Derecto</strong></span> <span class='ocrx_word' id='word_1_251' title='bbox 867 4341 880 4410; x_wconf 94' lang='grc' dir='ltr'>Η</span> <span class='ocrx_word' id='word_1_252' title='bbox 903 4346 951 4392; x_wconf 89' lang='grc'><strong>199</strong></span> <span class='ocrx_word' id='word_1_253' title='bbox 970 4353 1081 4392; x_wconf 86' lang='lat' dir='ltr'><strong>removet</strong></span> <span class='ocrx_word' id='word_1_254' title='bbox 1101 4341 1114 4409; x_wconf 96' lang='grc' dir='ltr'>Η</span> <span class='ocrx_word' id='word_1_255' title='bbox 1136 4343 1186 4390; x_wconf 82' lang='grc'><strong>200</strong></span> <span class='ocrx_word' id='word_1_256' title='bbox 1206 4342 1377 4404; x_wconf 85' lang='lat' dir='ltr'><strong>exillantque.</strong></span> 
     </span>
    </p>
   </div>
   <div class='ocr_carea' id='block_1_6' title="bbox 0 0 1591 5034">
    <p class='ocr_par' dir='ltr' id='par_1_6' title="bbox 0 0 1591 5034">
     <span class='ocr_line' id='line_1_36' title="bbox 0 0 1591 5034; baseline 0 0"><span class='ocrx_word' id='word_1_257' title='bbox 0 0 1591 5034; x_wconf 95' lang='lat' dir='ltr'><strong> </strong></span> 
     </span>
    </p>
   </div>
  </div>
 </body>
</html>
