3140 5036
701 401 728 466 V

152 589 211 636 nec
234 571 337 636 minus
360 573 392 636 in
416 580 501 637 certo
525 571 636 638 dentes
661 574 777 637 cadere
799 573 935 657 imperat
956 580 1047 638 aetas

148 693 292 771 tempore
314 694 346 752 et
368 687 520 772 inpubem
542 687 631 752 molli
654 687 829 770 pubescere
851 693 941 753 veste

148 807 180 865 et
201 801 320 884 pariter
341 803 471 867 mollem
495 801 587 867 malis
609 802 774 868 demittere
797 801 952 866 barbam:

70 936 122 984 ora
149 915 282 980 fulmina
303 923 464 1000 postremo
479 967 486 994 ‚
503 916 578 992 nix,
594 917 732 999 imbres,
749 916 879 998 nubila,
896 916 1003 999 venti,

149 1051 214 1096 non
236 1031 330 1096 nimis
353 1030 480 1096 incertis
503 1030 582 1095 fiunt
603 1031 636 1094 in
659 1031 804 1114 partibus
826 1029 924 1095 anni.

148 1164 286 1227 namque
310 1145 363 1209 ubi
388 1145 434 1210 sio
457 1144 583 1209 fuerunt
605 1165 774 1210 causarum
800 1143 933 1210 exordia
955 1143 1058 1227 prima

151 1265 247 1342 atque
268 1260 313 1323 ita
334 1280 385 1325 res
408 1260 516 1324 mundi
540 1260 684 1326 cecidere
706 1260 748 1325 ab
773 1259 896 1342 origine
918 1259 1041 1343 prima,

149 1381 310 1456 conseque·
333 1393 459 1456 quoque
482 1375 544 1438 iarn
570 1375 704 1440 redeunt
727 1393 769 1439 cx
792 1373 903 1438 ordine
927 1379 1033 1438 certo.

71 1507 125 1554 666
193 1489 345 1554 Crescere
366 1487 504 1571 itemque
527 1489 596 1554 dies
618 1490 692 1555 licet
714 1495 746 1554 et
767 1488 933 1553 tabescere
956 1491 1085 1562 noctes,

152 1608 183 1666 et
204 1602 302 1667 minui
326 1603 435 1688 luces,
453 1624 523 1669 cum
547 1611 673 1669 sumant
696 1603 846 1685 augmina
868 1608 998 1678 noctes,

149 1726 205 1782 aut
227 1718 302 1800 quia
324 1719 374 1784 sol
396 1719 480 1784 idern
504 1719 562 1783 sub
585 1725 688 1785 terras
710 1725 806 1800 atque
831 1737 966 1801 superne

150 1831 327 1916 imparibus
350 1853 480 1900 currens
504 1833 713 1899 amfractibus
737 1833 873 1897 aetheris
897 1851 973 1896 oras

150 1947 246 2029 partit
268 1955 299 2012 et
320 1947 352 2012 in
375 1949 478 2032 partis
501 1969 565 2015 non
588 1969 711 2031 aequas
734 1947 847 2012 dividit
871 1947 1000 2028 orbcor3

74 2080 126 2127 oso
153 2066 186 2126 ct
208 2060 294 2142 quod
316 2062 358 2125 ab
381 2063 537 2128 alterutra
559 2063 697 2127 detraxit
718 2069 830 2146 parte,
846 2060 974 2145 reponit

151 2175 221 2240 eius
243 2177 275 2240 in
299 2177 436 2242 adversa
457 2182 546 2240 tanto
568 2177 641 2260 plus
662 2184 755 2262 parte
778 2176 919 2256 relatus,

153 2290 256 2355 donec
279 2291 375 2355 adid
399 2291 526 2374 signum
550 2292 632 2356 caeli
655 2291 816 2374 pervenit,
832 2287 887 2352 ubi
910 2286 986 2351 armi

151 2403 255 2469 nodus
277 2410 449 2471 nocturnas
473 2411 633 2488 exaequat
654 2404 780 2469 lucibus
803 2403 955 2467 umbras:

152 2538 226 2583 nam
248 2518 355 2584 medio
380 2539 473 2584 cursu
494 2520 587 2586 flatus
611 2507 772 2600 aquilbnis
796 2523 828 2581 et
851 2515 952 2580 austri

77 2651 129 2698 666
152 2631 302 2711 distinct,
319 2640 457 2716 aequato
481 2634 604 2699 caelum
628 2633 811 2698 discrimine
834 2637 979 2704 metans,

153 2753 283 2831 propter
305 2747 452 2830 signiferi
474 2747 650 2831 posituram
675 2747 770 2812 totius
794 2745 880 2809 orbis

78 2879 128 2926 666
155 2859 297 2942 obliqui,
314 2867 416 2927 terras
439 2869 471 2926 et
493 2862 620 2926 caelum
643 2861 761 2926 lumine
783 2859 923 2924 lustrans

79 2994 128 3040 666
155 2994 265 3039 annua
287 2975 335 3040 sol
359 2975 390 3038 in
415 2995 477 3056 quo
502 2975 662 3040 concludit
684 2982 828 3059 tempora
852 2991 1004 3056 serpens,

79 3108 131 3154 664
156 3093 191 3151 ut
212 3089 293 3152 ratio
316 3088 460 3154 declarat
483 3109 590 3152 eorum
615 3090 667 3171 qui
690 3090 762 3153 loca
785 3088 866 3153 caeli

157 3201 264 3266 omnia
287 3201 452 3286 dispositis
475 3202 575 3286 signis
598 3192 709 3266 ornata
732 3205 901 3265 notarunt.

154 3321 209 3379 aut
231 3316 308 3397 quia
331 3316 469 3382 crassior
492 3322 541 3380 est
563 3316 656 3380 certis
680 3315 712 3378 in
736 3314 878 3397 partibus
902 3322 977 3395 adr,

156 3430 214 3493 sub
236 3431 329 3496 terris
351 3431 425 3496 ideo
448 3431 620 3495 tremulum
643 3429 734 3492 iubar
756 3427 894 3492 haesitat
914 3427 1000 3509 ignis

157 3563 217 3608 nec
238 3549 407 3628 penetrare
429 3549 535 3628 potest
560 3542 655 3608 facile
679 3548 775 3626 atque
800 3560 967 3623 emergere
990 3538 1033 3603 ad
1058 3543 1164 3601 ortus:

155 3664 325 3742 propterea
347 3663 457 3723 noctes
480 3657 614 3722 hiberno
637 3663 781 3741 tempore
805 3657 924 3740 longae
951 3703 953 3711 .

79 3791 130 3838 roo
155 3778 302 3855 cessant,
320 3771 394 3835 dum
416 3773 526 3836 veniat
547 3771 707 3836 radiatum
730 3770 856 3854 insigne
880 3768 965 3832 diei.

156 3891 213 3949 aut
234 3885 350 3969 etiarn,
368 3885 442 3967 quia
464 3886 509 3950 sic
532 3885 663 3950 alternis
687 3883 832 3966 partibus
856 3881 931 3945 anni

154 3999 278 4064 tardius
300 4005 332 4064 et
354 3998 447 4064 citius
470 4004 662 4067 consuerunt
682 3995 840 4063 confluere
863 3995 974 4078 ignes,

159 4270 210 4318 676
228 4269 348 4318 Flumina
366 4277 495 4334 postremo
517 4266 531 4337 ΙΙ
552 4272 601 4318 679
621 4269 780 4332 Consequiae
801 4268 814 4334 Η
834 4281 917 4317 rerum
937 4263 950 4332 Η
977 4267 1027 4314 684
1046 4281 1059 4314 6
1079 4264 1105 4312 in
1125 4259 1139 4332 ΙΙ
1159 4266 1209 4313 690
1228 4279 1280 4312 me·

158 4362 213 4404 tas.
235 4351 248 4422 Η
269 4358 319 4405 693
340 4356 451 4419 Obliquo
474 4352 485 4422 ll
506 4356 555 4404 692
576 4355 691 4404 contudit
710 4351 724 4423 Η
746 4358 795 4404 760
814 4355 884 4404 dici.

1015 4448 1081 4516 12*
