3108 5034
256 332 297 396 56
802 321 834 386 ΙΙ

186 518 238 563 404
262 516 353 561 umor
376 495 497 571 dulcis,
514 493 567 557 ubi
590 512 647 577 per
669 497 772 556 terras
794 492 935 558 crebrius
957 492 1043 558 idem

264 609 464 694 percolatur,
481 614 515 672 ut
536 607 569 671 in
591 607 721 672 foveam
743 605 820 670 fluat
842 627 881 670 ac
902 614 1126 702 mansuescat,

187 744 237 790 477
264 742 380 806 aspera
403 744 465 804 quo
487 722 590 805 magis
613 721 646 784 in
669 721 761 786 terris
783 720 971 786 haerescere
993 722 1137 806 possint.

308 835 400 912 Quod
425 836 575 918 quoniam
600 835 715 919 docui,
732 854 866 918 pergam
890 841 1058 900 conectere
1079 855 1147 902 rem
1170 854 1253 918 quae

265 971 306 1016 ex
327 950 387 1014 boc
410 957 485 1034 apta
506 949 602 1014 fidem
626 948 740 1026 ducat,
756 948 931 1031 primordia
951 969 1056 1014 rerum

189 1087 239 1134 480
264 1065 353 1128 finita
375 1064 501 1128 variare
524 1063 696 1146 figurarum
718 1063 861 1126 ratione.

266 1177 351 1260 quod
374 1177 401 1241 si
425 1197 488 1240 non
511 1177 554 1239 ita
578 1177 637 1258 sit,
654 1196 778 1240 rursum
801 1175 866 1240 ianr
889 1177 1011 1241 semina
1034 1177 1193 1259 quaedam

265 1311 336 1356 esse
358 1290 480 1355 infinito
504 1291 667 1356 debebunt
689 1290 832 1373 c'orporis
854 1296 967 1356 auctu.

263 1425 401 1492 namque
424 1406 536 1469 eadem
561 1405 654 1468 unius
678 1404 816 1468 cuiusvis
839 1405 871 1468 in
894 1405 1048 1468 brevitate

266 1507 407 1602 coiporis
429 1517 511 1580 inter
533 1535 568 1580 se
591 1518 722 1581 multum
746 1519 872 1583 variare
895 1518 1018 1600 figurae

191 1652 241 1698 400
268 1651 332 1694 non
354 1630 579 1714 possunt-fac
601 1631 683 1695 enim
707 1633 845 1697 minimis
868 1654 885 1696 e
908 1633 1051 1716 partibus
1073 1652 1145 1698 esse

267 1766 401 1830 corpora
423 1745 526 1830 prima
548 1746 670 1822 tribus,
687 1747 740 1810 vel
762 1748 858 1830 paulo
881 1747 1024 1831 pluribus
1048 1768 1150 1831 auge:

267 1879 382 1943 nempe
407 1859 462 1924 ubi
486 1880 540 1924 eas
563 1860 663 1944 partis
686 1861 779 1926 unius
802 1860 946 1944 corporis
969 1862 1094 1936 omnis,

268 1993 390 2038 summa
413 1979 509 2056 atque
531 1975 596 2038 ima
618 1973 749 2050 iocans,
765 1981 983 2040 transmutans
1006 1975 1138 2039 dextera
1159 1975 1281 2050 laevia,

268 2086 458 2152 omnimodis
481 2096 630 2173 expertus
654 2090 736 2165 eris,
754 2111 849 2172 quam
875 2090 1011 2171 quisque
1034 2089 1087 2154 det
1110 2088 1187 2152 ordo

191 2223 242 2270 490
267 2202 382 2266 formai
404 2203 543 2286 speciem
566 2205 663 2269 totius
687 2205 830 2288 corporis
854 2203 944 2286 eius,

267 2317 353 2399 quod
376 2338 472 2402 super
494 2325 561 2402 est,
579 2320 605 2382 si
628 2318 708 2382 forte
731 2318 820 2392 voles
843 2317 968 2381 variare
991 2316 1130 2398 figuras,

266 2431 448 2495 addendum
470 2433 569 2515 partis
592 2432 674 2494 alias
698 2433 776 2496 erit.
793 2431 867 2494 inde
889 2437 1058 2515 sequetur,

267 2545 408 2610 adsimili
432 2546 554 2610 ratione
577 2547 658 2612 alias
681 2552 716 2611 ut
737 2547 878 2630 postulet
900 2546 999 2628 ordo,

269 2662 295 2726 si
318 2667 351 2724 tu
373 2661 453 2726 forte
476 2662 564 2728 voles
587 2663 682 2727 etiam
704 2663 828 2726 variare
851 2661 988 2744 figuras.

192 2797 242 2846 495
267 2797 343 2858 ergo
367 2774 539 2839 formarum
563 2777 736 2838 novitatem
759 2775 900 2856 eorporis
923 2792 1061 2856 augmen

268 2889 488 2970 subsequitur.
507 2905 607 2968 quare
630 2906 693 2950 non
717 2894 820 2952 estut
843 2887 973 2954 credere
996 2887 1101 2973 possis

267 3022 339 3070 esse
360 3001 489 3066 infinitis
512 3000 665 3066 distantia
686 3004 811 3068 semina
833 3003 962 3086 formis,

268 3135 308 3180 ne
331 3115 493 3198 quaedam
516 3137 614 3201 cogas
637 3117 755 3182 inmani
779 3119 972 3184 maximitate

269 3250 360 3306 esse,
376 3252 472 3315 supra
496 3231 581 3314 quod
605 3233 668 3296 iam
693 3234 785 3297 docui
809 3254 871 3296 non
893 3251 991 3316 posse
1013 3231 1163 3315 probari.
1206 3279 1207 3282 η

194 3365 245 3411 ooo
269 3345 332 3408 iam
355 3346 412 3410 tibi
435 3347 625 3411 barbaricae
648 3356 753 3412 vestes
776 3347 996 3427 Meliboeaque
1018 3345 1146 3426 fulgens

269 3479 411 3543 purpura
428 3458 617 3524 Thessalico
642 3459 833 3559 conchamm
855 3466 938 3524 tacta
961 3459 1087 3542 colore,

270 3591 389 3655 aurea,
405 3592 565 3655 pavonum
589 3572 704 3637 ridenti
726 3573 848 3638 imitata
870 3575 981 3658 lepore

270 3687 398 3765 saecla,
415 3706 497 3750 novo
520 3707 622 3750 rerum
647 3695 797 3770 superata
820 3688 926 3752 colore
948 3687 1089 3750 iacerent

271 3809 302 3868 et
325 3807 524 3884 contemptus
547 3801 625 3866 odor
646 3822 796 3887 smyrnae
819 3802 986 3884 mellisque
1009 3819 1162 3882 sapores,

272 4106 323 4153 483
342 4103 368 4152 in
387 4103 475 4152 eadem
493 4119 544 4153 una
564 4100 577 4173 11
598 4109 647 4156 486
666 4106 743 4171 paula
764 4101 776 4172 11
797 4106 848 4154 488
867 4110 1018 4152 transmutas
1038 4098 1052 4169 11
1072 4103 1122 4151 489
1141 4099 1288 4149 Omnimodi
1309 4098 1321 4166 11
1342 4101 1393 4148 495

273 4191 408 4253 augimen.
429 4189 442 4256 11
463 4193 513 4240 497
528 4192 623 4242 femina
642 4191 656 4262 11
676 4196 726 4243 499
740 4192 863 4260 probare.
885 4186 897 4259 11
918 4191 967 4238 591
983 4197 1049 4240 tecta
1069 4186 1082 4260 11
1104 4190 1153 4240 502
1168 4185 1250 4236 rident
1262 4186 1360 4238 imbuta
1379 4184 1392 4255 11

276 4278 326 4328 503
344 4291 411 4327 nova
431 4275 444 4345 11
464 4279 515 4330 504
534 4277 598 4329 udor
622 4344 624 4356 1
