3140 5032
709 383 753 446 VI

167 562 337 641 propterea
360 555 395 620 fit
416 555 462 620 uti
485 573 569 636 quae
594 553 716 618 semina
739 572 874 634 eumque
897 551 996 616 habet
1018 553 1102 635 ignis

167 672 325 749 dimittat;
343 671 434 753 quasi
459 688 557 752 saepe
580 668 708 752 gelum,
726 667 812 749 quod
835 669 974 732 eontinet
995 669 1028 732 in
1051 689 1105 752 se,

168 788 262 850 mittit
285 791 317 850 et
339 785 459 850 exolvit
480 785 617 868 glaciem
641 783 807 864 nodosque
830 783 974 846 relaxat.

208 899 360 980 Frigidus
384 899 550 963 88888188
574 897 666 974 fons,
684 919 781 981 supra
805 917 896 978 quem
922 899 983 962 sita
1006 919 1104 982 saepe

93 1035 144 1082 888
170 1021 287 1098 stuppa
308 1015 383 1078 iaoit
404 1013 564 1078 flammam
588 1020 740 1096 oonoeptn
765 1013 907 1095 protinus
929 1013 1017 1096 igni,

168 1129 329 1211 taedaque
352 1129 509 1194 consimili
532 1129 655 1193 ratione
679 1148 814 1193 8888888
838 1148 897 1210 per
919 1127 1022 1192 undas

169 1245 332 1327 eonlueet,
352 1265 414 1325 qno
438 1263 572 1325 eumque
597 1252 713 1308 natans
736 1243 908 1326 impellitur
931 1243 1037 1307 auris.

171 1359 203 1422 ni
226 1359 359 1442 mirum,
377 1360 451 1459 quia
475 1359 603 1423 suntin
626 1379 714 1440 8888
736 1359 894 1442 permulta
915 1357 1047 1441 vaporis

175 1474 318 1557 semina,
336 1473 375 1537 de
398 1479 550 1556 terraque
574 1481 735 1538 necessest
759 1472 901 1537 funditus
923 1473 996 1558 ipsa

96 1608 146 1654 888
172 1588 255 1670 ignis
279 1609 412 1672 corpora
434 1607 491 1671 per
514 1593 613 1652 totum
637 1607 829 1670 consurgere
851 1587 972 1653 fontem

168 1708 200 1768 et
222 1704 314 1767 simul
339 1703 503 1786 exspirare
527 1701 615 1767 foras
639 1704 789 1784 exireque
812 1703 844 1768 18
867 1723 984 1787 auras,

168 1838 232 1880 uon
254 1818 298 1882 ita
321 1818 423 1882 multa
446 1824 574 1900 tamen,
592 1817 713 1882 ualidus
737 1825 835 1898 queat
854 1823 889 1880 ut
910 1818 979 1882 fieri
1002 1819 1094 1902 fons,

169 1940 337 2015 propterea
360 1932 614 2014 dispensatores
638 1952 805 2016 erumpere
828 1933 914 2012 oogit
1085 1909 1091 1919 ’

171 2047 218 2109 vis
242 2067 298 2130 per
321 2067 438 2128 aquam
462 2049 566 2113 subito
590 2069 779 2130 sursumque
802 2065 842 2112 ea
865 2049 1048 2114 ooneiliari.

93 2183 144 2229 888
169 2161 253 2243 quod
276 2181 378 2242 genus
402 2161 485 2226 endo
510 2162 619 2226 marist
641 2163 740 2226 Aradi
764 2163 855 2247 fons,
873 2162 975 2228 duleis
998 2165 1095 2245 aquai

168 2277 221 2358 qui
245 2277 340 2342 seatit
361 2282 393 2341 et
415 2277 519 2342 salsas
543 2277 659 2342 oireum
683 2298 717 2342 se
740 2278 880 2342 dimovet
903 2277 1027 2344 undas:

1 2436 7 2466 ·.
83 2416 105 2459 η
169 2398 201 2455 88
221 2391 328 2455 multis
351 2391 423 2456 aliis
445 2392 579 2475 praebet
601 2393 786 2474 regionibus
808 2412 928 2475 aequor

168 2505 332 2568 utilitatem
358 2513 568 2589 opportunam
593 2507 761 2572 sitientibu’
786 2509 909 2595 nautia,

170 2619 256 2700 quod
280 2619 381 2684 duleis
404 2622 486 2684 inter
509 2621 615 2686 salsas
637 2622 718 2688 inter
740 2623 838 2688 vomit
861 2623 987 2690 nodas.

93 2751 143 2799 888
169 2731 216 2796 818
237 2732 333 2816 igitur
355 2753 412 2817 per
434 2753 506 2798 eum
528 2743 661 2818 possunt
684 2757 848 2820 erumpere
869 2739 986 2803 sontem

167 2854 198 2912 et
220 2855 342 2913 scalere
364 2848 422 2912 illa
444 2849 530 2914 foras
552 2851 585 2912 in
610 2855 755 2934 stuppam
780 2853 922 2932 semina;
940 2875 1001 2934 quo
1026 2875 1096 2918 oum

168 2964 491 3028 888888188888818
514 2965 622 3029 taedai
646 2986 780 3049 corpore
803 2967 998 3052 adhaerent,

168 3077 337 3140 ardesount
359 3077 456 3142 {anile
480 3081 659 3163 example,
677 3082 753 3162 quia
775 3083 875 3146 multa
898 3102 1026 3163 quoque
1048 3084 1079 3146 18
1104 3104 1137 3147 88

167 3189 290 3254 semina
313 3192 433 3256 habent
455 3193 538 3276 ignis
562 3200 697 3278 stuppae
720 3195 900 3277 taedaeque
922 3199 1078 3279 tepentis.

91 3323 142 3372 888
168 3325 274 3369 88888
297 3304 387 3370 vides
412 3308 505 3370 etiam
520 3359 526 3384 ,
543 3317 700 3374 nocturna
723 3309 764 3374 ad
787 3311 908 3376 lumina
930 3312 1030 3376 linum

165 3438 268 3502 nuper
288 3421 343 3485 ubi
367 3422 537 3486 extinotum
561 3423 756 3502 admoveas,
773 3427 941 3492 aooendier
964 3434 1039 3492 ante

166 3553 262 3614 quam
286 3535 389 3618 tetigit
410 3535 592 3616 flammam,
609 3539 803 3620 taedamque
825 3541 896 3624 pari
918 3542 1070 3608 ratione?

165 3637 328 3730 multaque
350 3655 519 3734 praeterea
540 3653 629 3736 prius
652 3652 721 3736 ipso
744 3659 828 3720 taeta
850 3677 971 3739 vapore

166 3762 287 3824 eminus
310 3764 483 3828 ardescunt
506 3785 601 3846 quam
626 3770 801 3834 oomminus
824 3770 945 3836 imbuat
966 3772 1070 3852 ignis.

90 3892 141 3938 888
169 3873 227 3938 hoo
248 3875 343 3957 igitur
365 3875 434 3941 fieri
457 3897 584 3960 quoque
607 3881 639 3943 in
663 3882 718 3944 illo
741 3881 831 3946 fonte
855 3885 1078 3966 putandumst.

167 4054 369 4066 ——-—..—
399 4061 401 4064 .

167 4175 216 4223 877
237 4175 364 4226 Demittat
389 4177 401 4244 Η
426 4181 476 4229 878
495 4181 626 4244 88888888
653 4180 665 4251 Η
693 4186 743 4234 879
763 4185 853 4248 Frigus
880 4184 891 4254 ll
920 4189 1051 4238 88018818
1071 4187 1084 4258 Η
1105 4192 1154 4240 887
1174 4195 1255 4244 muita
1275 4194 1288 4264 Η

168 4263 218 4310 888
236 4263 356 4313 Preterea
375 4265 388 4332 Η
410 4270 460 4316 889
473 4269 628 4318 conciliare.
650 4268 663 4338 ll
684 4273 734 4320 890
753 4274 903 4336 8881888888
923 4277 935 4339 Η
955 4278 1005 4324 892
1019 4285 1118 4339 praeter
1137 4276 1150 4346 ll
1170 4282 1289 4334 8948181-
1314 4321 1315 4324 η

168 4348 203 4396 818
222 4347 235 4416 Η
257 4353 305 4398 890
320 4369 368 4414 888
389 4351 402 4420 Η
422 4357 471 4402 897
487 4356 552 4404 0808
565 4372 672 4419 corpora
693 4355 705 4425 {l
726 4360 776 4407 808
791 4361 834 4421 881
854 4359 867 4426 Η
887 4364 937 4410 809
952 4370 1079 4414 88888888.
1095 4363 1108 4432 Η
1130 4369 1180 4416 900
1194 4370 1289 4422 lumine
