3140 5032
717 373 745 437 V

166 569 239 612 nam
264 547 348 629 quod
371 547 465 612 adest
487 554 636 631 praesto,
652 545 713 610 nisi
738 545 812 626 quid
835 543 1042 627 eognovimus
1065 552 1139 608 ante

168 663 317 745 suavius,
335 661 368 726 in
389 663 501 746 primis
522 662 629 746 plaeet
652 668 683 726 et
705 664 828 746 poliere
851 660 997 742 videtur,

165 779 388 862 posteriorque
410 777 476 843 iere
499 777 611 842 melior
633 795 685 840 res
707 779 763 841 iila
785 783 911 861 reperta

80 912 150 959 1415
167 892 272 976 perdit
295 898 327 957 et
348 893 495 956 immutat
517 911 632 958 sensus
655 894 695 957 ad
717 891 854 976 pristina
878 909 1044 972 quaeque.

111 1021 113 1026 '
167 1009 214 1073 sie
237 1008 343 1072 odium
367 1008 472 1091 eoepit
494 1008 643 1090 glandis,
662 1008 707 1072 sie
730 1007 787 1070 iiia
810 1006 920 1072 relieta

168 1130 268 1188 strata
291 1123 407 1187 cubilia
430 1130 502 1186 sunt
524 1123 632 1187 herbis
655 1129 687 1188 et
708 1122 876 1186 frondibus
901 1126 1014 1186 auota.

160 1238 262 1332 pellis
285 1239 359 1301 item
383 1238 497 1302 eeeidit
519 1239 615 1304 vestis
639 1243 821 1320 contempta
842 1236 985 1314 ferinae3

172 1373 266 1433 quam
289 1371 361 1416 reor
383 1351 505 1416 invidia
527 1353 581 1416 tali
604 1359 677 1416 tuno
700 1371 772 1417 esse
794 1357 974 1436 repertam,

83 1489 153 1535 1420
172 1473 207 1530 ut
229 1467 323 1530 letum
348 1466 472 1531 insidiis
496 1467 549 1548 qui
571 1468 670 1550 gessit
693 1468 812 1550 primus
835 1466 959 1548 obiret,

170 1589 200 1646 01
223 1587 330 1646 tamen
352 1581 435 1646 inter
458 1601 513 1646 eos
536 1581 722 1646 distractam
747 1582 902 1664 sanguine
925 1581 1022 1646 multo

169 1696 355 1780 disperiisse
377 1715 480 1777 neque
502 1696 533 1758 in
558 1695 693 1760 fruetum
718 1703 903 1761 eonvertere
927 1695 1055 1776 quisse.

168 1817 243 1875 tuno
264 1811 360 1892 igitur
383 1811 504 1894 pelles,
521 1831 605 1874 nune
628 1832 740 1875 aurum
764 1818 795 1874 et
817 1829 957 1893 purpura
980 1809 1064 1873 euris

170 1932 318 1991 exereent
340 1925 503 1990 hominum
526 1927 626 1992 vitam
649 1926 799 2007 belloque
821 1925 974 2008 fatigant3

85 2061 153 2108 1425
171 2062 234 2122 quo
258 2040 363 2123 magis
384 2041 417 2104 in
440 2041 552 2124 nobis,
569 2049 604 2104 ut
627 2041 758 2123 opinor,
776 2041 870 2124 euipa
892 2039 1030 2104 resedit.

169 2155 270 2236 frigus
293 2155 377 2220 enim
401 2155 503 2220 nudos
527 2156 596 2220 sine
619 2154 758 2239 pellibus
781 2155 984 2219 exerueiabat

170 2271 371 2352 terrigenas:
389 2278 423 2334 at
444 2290 503 2335 nos
525 2271 570 2334 nil
594 2269 692 2334 laedit
713 2275 803 2334 veste
826 2288 936 2333 oarere

169 2406 331 2470 purpurea
354 2392 451 2468 atque
474 2407 549 2451 auro
573 2386 737 2468 signisque
751 2385 944 2466 ¹ingentibus
967 2389 1063 2467 apta,

173 2501 246 2564 dum
268 2500 393 2585 plebeia
421 2507 529 2566 tamen
553 2499 612 2579 sit,
630 2521 711 2582 quae
735 2499 909 2564 defendere
931 2497 1054 2582 possit.

86 2637 157 2684 1430
174 2637 250 2700 ergo
273 2617 435 2682 hominurn
458 2636 561 2698 genus
582 2617 615 2680 in
638 2635 764 2680 cassum
786 2613 968 2694 frustraque
990 2612 1116 2676 laborat

173 2750 299 2816 sempor
321 2737 353 2795 et
373 2731 408 2795 in
430 2731 513 2796 euris
536 2730 691 2796 eonsumit
714 2727 864 2792 inanibus
887 2746 1022 2801 aevom,

171 2848 204 2912 ni
227 2848 359 2923 mirum,
376 2847 452 2928 quia
473 2866 538 2911 non
562 2847 712 2930 cognovit
734 2863 817 2927 quae
840 2843 881 2908 sit
903 2841 1043 2908 habendi

170 2962 242 3028 finis
266 2969 298 3027 et
320 2963 448 3028 omnino
472 2983 534 3044 quo
558 2963 601 3027 ad
624 2969 746 3027 eresoat
767 2980 843 3024 vera
866 2960 1032 3042 voluptas:

170 3077 267 3160 idque
290 3077 468 3142 minutatim
490 3077 585 3140 vitam
607 3077 755 3160 provexit
776 3076 808 3139 in
832 3076 932 3139 altum
1090 3049 1093 3058 ¹

89 3213 156 3260 1435
174 3200 206 3258 et
227 3193 304 3258 belli
327 3212 462 3275 magnos
484 3191 654 3256 commovit
675 3190 818 3254 funditus
841 3187 990 3274 aestus]

211 3309 254 3372 At
275 3307 391 3390 vigiles
414 3307 524 3370 mundi
545 3325 695 3390 magnum
717 3303 865 3370 versatili’
888 3303 1040 3387 tempium

174 3423 224 3488 sol
247 3429 279 3486 et
300 3423 377 3486 luna
399 3440 457 3486 suo
480 3421 651 3486 lustrantes
675 3421 793 3486 lumine
816 3420 934 3486 oireum

172 3539 370 3622 perdoouere
392 3535 538 3600 homines
560 3555 717 3600 annorum
739 3543 886 3620 tempora
907 3533 988 3600 verti

175 3659 207 3718 et
229 3657 316 3718 terta
338 3651 461 3716 ratione
484 3651 555 3731 geri
578 3671 645 3716 rem
669 3657 765 3734 atque
788 3650 900 3716 ordine
923 3653 1030 3714 oerto.

90 3789 158 3837 1440
216 3769 285 3832 lam
308 3765 423 3832 validis
446 3767 549 3850 saepti
572 3767 733 3847 degebant
755 3767 896 3830 turribus
918 3783 1052 3840 aevom,

175 3888 207 3947 et
229 3881 333 3946 divisa
355 3881 518 3946 colebatur
541 3880 743 3962 discretaque
766 3881 882 3962 tellus,

181 4158 247 4205 1416
262 4155 347 4220 sigilla
368 4151 381 4222 Η
403 4153 470 4200 1418
484 4150 580 4200 ferina.
597 4147 610 4217 Η
632 4152 697 4199 1419
711 4165 778 4198 nune
800 4145 812 4216 Η
834 4150 900 4198 1425
913 4149 957 4196 ina
977 4145 990 4214 Η
1012 4143 1218 4212 1429010110]οΗ
1235 4147 1299 4196 1431

180 4245 207 4294 111
226 4245 365 4294 omissum.
388 4237 400 4308 Η
423 4241 489 4290 1436
508 4237 624 4290 versatile
645 4234 658 4306 Η
681 4239 748 4288 1440
768 4236 876 4303 degebat
896 4231 909 4305 Η
931 4237 995 4286 1441
1017 4234 1190 4298 diseeretsque
