3108 5034
701 451 715 514 I

143 620 223 685 scire
245 620 320 684 licet
341 640 405 683 non
428 639 500 685 esse
523 619 601 685 baec
623 619 718 704 ignca
741 640 876 704 corpora
898 640 1020 708 rerum.

68 755 118 800 oso
144 734 190 796 nii
212 733 346 799 referret
367 735 452 800 enim
475 734 634 816 quaedam
658 734 834 810 decedere,
857 735 967 805 abire,

145 855 242 930 atque
263 849 327 912 alio
351 847 511 926 adtribui,
534 848 713 930 mutarique
738 846 851 912 ordine
875 849 1053 929 quaedam,

145 963 170 1027 si
193 967 301 1028 tamen
325 962 450 1027 ardoris
472 967 618 1027 naturam
642 967 755 1026 cuncta
776 968 941 1026 tenerent:

143 1076 228 1157 ignis
251 1075 337 1140 enirn
359 1073 442 1139 foret
465 1075 655 1145 omnimodis
678 1075 763 1157 quod
788 1095 922 1158 cumque
949 1085 1114 1142 crearent.

144 1209 274 1266 verum,
298 1194 333 1254 ut
355 1189 487 1273 opinor,
511 1191 604 1255 itast:
628 1196 702 1255 sunt
723 1189 883 1272 quaedam
905 1209 1061 1274 corpora,
1085 1211 1218 1271 quorum

68 1323 119 1370 aas
146 1322 320 1369 concursus
341 1300 444 1368 motus
468 1301 546 1368 ordo
568 1303 714 1386 positura
740 1305 861 1390 figurae

146 1416 289 1496 efficiunt
310 1417 413 1500 ignis,
437 1423 621 1500 mutatoque
644 1419 756 1485 ordine
777 1427 900 1486 mutant

147 1537 314 1609 naturam,
337 1551 440 1613 neque
463 1536 536 1596 sunt
557 1533 622 1614 igni
647 1533 794 1599 simulata
816 1555 920 1616 neque
944 1533 1001 1598 ulli

144 1649 312 1726 praeterea
330 1645 382 1710 rei
405 1665 487 1727 quae
511 1665 646 1729 corpora
668 1647 790 1712 mittere
812 1647 915 1732 possit

147 1759 295 1824 sensibus
316 1764 348 1823 et
369 1765 495 1826 nostros
518 1760 645 1824 adiectu
666 1769 800 1844 tangere
822 1767 945 1828 tactus.

70 1891 121 1939 eso
190 1872 305 1938 Dicere
327 1894 422 1957 porro
444 1873 552 1958 ignem
575 1894 626 1940 res
650 1878 752 1942 omnis
774 1897 865 1956 esse,
890 1894 994 1958 neque
1020 1875 1116 1938 uliam

146 2009 212 2052 rern
233 2007 342 2052 veram
363 1988 397 2052 in
419 2009 551 2054 numero
575 2009 680 2054 rerum
703 1997 849 2058 constare
871 1990 932 2056 nisi
956 1989 1083 2072 ignem,

147 2101 232 2185 quod
253 2101 331 2166 facit
351 2101 403 2168 bio
425 2103 531 2178 idem,
555 2104 748 2188 perdelirum
771 2127 842 2172 esse
864 2105 1008 2170 videtur.

145 2236 221 2282 nam
244 2223 354 2282 contra
375 2237 487 2282 sensus
510 2219 551 2282 ab
574 2219 719 2284 sensibus
741 2218 812 2302 ipse
835 2226 1013 2303 repugnat,

146 2337 177 2395 et
198 2329 371 2398 labefactat
392 2343 469 2408 eos,
492 2331 578 2397 unde
600 2331 708 2397 omnia
732 2321 850 2396 credita
873 2333 1033 2416 pendent,

72 2467 120 2515 aas
146 2445 230 2510 unde
254 2445 305 2510 bic
327 2445 473 2529 cognitus
496 2452 545 2512 est
567 2446 629 2530 ipsi
653 2465 746 2528 quem
771 2447 912 2513 nominat
934 2445 1061 2530 ignem:
1114 2493 1115 2496 ,

148 2563 352 2629 creditenim
376 2581 489 2626 sensus
511 2561 616 2644 ignem
640 2581 835 2645 cognoscere
857 2581 949 2645 vere,

97 2754 100 2762 Ι
146 2684 252 2744 cetera
274 2698 339 2743 non
361 2675 481 2754 eredit,
503 2695 587 2758 quae
609 2675 674 2740 nilo
697 2675 784 2740 clara
805 2675 909 2740 minus
932 2679 1024 2740 sunt.

147 2792 233 2876 quod
256 2792 331 2856 mibi
354 2812 425 2856 cum
448 2811 565 2856 vanum
587 2796 651 2855 turn
676 2789 811 2855 delirum
834 2807 906 2854 esso
928 2789 1075 2854 videtur:

147 2929 210 2990 quo
232 2905 407 2973 referemus
430 2907 542 2972 enirn?
565 2905 640 2988 quid
663 2905 757 2970 nobis
781 2905 895 2970 certius
918 2903 998 2988 ipsis

74 3051 123 3098 700
147 3023 294 3092 sensibus
317 3041 388 3089 esse
410 3027 534 3106 potest,
559 3022 611 3104 qui
634 3041 711 3088 vera
734 3042 773 3087 ac
795 3020 877 3086 falsa
898 3022 1073 3086 notemus?

146 3145 313 3228 praeterea
336 3157 435 3220 quare
459 3137 627 3232 quisquam
650 3137 751 3220 magis
775 3135 882 3200 omnia
903 3135 996 3201 tollat

147 3263 179 3324 et
198 3255 276 3320 velit
298 3252 422 3317 ardoris
444 3256 592 3314 naturam
615 3251 760 3332 linquere
783 3249 904 3325 solam,

147 3391 243 3455 quam
265 3373 361 3450 neget
383 3385 455 3432 esse
476 3365 583 3448 ignis,
608 3363 735 3447 quidvis
757 3370 863 3428 tamen
882 3352 959 3428 'esse
982 3362 1165 3444 relinquat?

146 3504 252 3568 aequa
274 3482 398 3548 videtur
420 3481 503 3546 enim
526 3480 686 3545 dementia
709 3479 815 3545 dicere
837 3487 1022 3561 utrumque.

72 3623 121 3672 705
190 3597 412 3682 Quapropter
435 3594 489 3677 qui
511 3594 674 3660 materiem
699 3613 804 3660 rernm
828 3601 899 3659 esse
918 3598 1068 3678 putarunt

145 3716 254 3797 ignem
276 3717 371 3793 atque
395 3709 522 3790 exigui
546 3729 700 3774 summam
723 3707 897 3775 consistere
918 3727 1035 3793 posse,
1128 3721 1131 3730 ’

147 3835 179 3896 et
201 3828 254 3910 qui
275 3828 465 3913 principium
488 3825 661 3911 gignundis
683 3832 760 3890 adra
783 3824 876 3890 rebus

147 3943 360 4022 constituere,
382 3948 436 4006 aut
459 3962 601 4008 umorem
624 3941 678 4023 qui
700 3959 833 4021 cumque
855 3944 1007 4024 putarunt

145 4059 269 4141 fingere
291 4077 342 4123 res
365 4059 469 4144 ipsum
492 4076 549 4140 per
571 4075 627 4132 se,
650 4059 806 4118 terramve
828 4072 937 4118 creare

151 4329 202 4377 680
222 4327 371 4377 descendere
396 4323 409 4394 Η
439 4325 489 4374 683
508 4331 620 4372 crearet.
642 4320 655 4391 ΙΙ
685 4322 735 4370 690
754 4321 871 4384 iquenem
896 4316 908 4393 Η
940 4316 1161 4370 6941acbefactat
1183 4314 1196 4388 i!
1223 4320 1272 4369 703

151 4414 251 4483 quidvis
270 4415 408 4466 emmaum.
430 4409 442 4481 Η
465 4411 513 4461 708
532 4416 669 4478 putantur·
