3140 5036
143 503 215 556 0,
294 438 336 503 90
835 437 879 501 111

293 601 380 685 quod
402 625 504 685 genus
527 625 544 670 e
566 607 666 671 thuris
690 607 815 688 glaebis
838 605 974 672 evellere
997 606 1128 671 odorem

293 718 382 782 haud
403 718 497 783 facile
520 726 588 796 est,
606 721 682 802 quin
705 721 840 785 intereat
863 724 976 782 natura
999 739 1124 801 quoqne
1147 720 1235 784 eius.

295 831 341 896 sic
363 831 461 895 animi
484 839 582 914 atque
604 834 730 899 animae
754 840 899 897 naturam
921 851 1054 916 corpore
1077 840 1142 897 toto
1196 811 1199 818 ⁵

220 964 270 1012 330
295 944 460 1010 extrahere
483 945 561 1010 haut
583 945 677 1011 133113
701 952 767 1030 est,
786 913 993 1028 quin‘omnia
1016 945 1251 1012 dissoluantur.

294 1058 431 1142 inplexis
453 1060 497 1124 ita
519 1061 683 1145 principiis
706 1063 747 1126 ab
771 1061 894 1144 origine
916 1059 1019 1143 prima

294 1173 375 1237 inter
396 1192 432 1238 se
454 1173 533 1237 fiunt
556 1177 695 1238 consorti
718 1175 865 1259 praedita
886 1174 970 1257 rita,

296 1306 355 1351 neo
379 1287 438 1350 sibi
463 1306 608 1368 quaeque
632 1288 700 1353 sinc
723 1289 857 1353 alterius
879 1288 911 1351 vi
932 1307 1029 1371 posse
1051 1288 1175 1356 videtur
1221 1303 1224 1308 ·

294 1401 435 1486 corporis
459 1408 555 1482 atque
578 1403 673 1466 animi
697 1423 839 1467 seorsum
863 1402 979 1466 sentire
1002 1407 1168 1486 potestas,

220 1536 270 1582 335
297 1515 354 1580 sed
378 1515 596 1580 communibus
618 1518 701 1580 inter
723 1537 780 1581 333
803 1515 957 1580 conflatur
979 1516 1134 1598 utrimque

294 1630 431 1694 motibus
454 1648 606 1693 accensus
629 1630 721 1694 nobis
744 1630 946 1713 perviscera
969 1649 1101 1695 sensus.

292 1748 458 1827 praeterea
482 1762 596 1826 corpus
617 1763 676 1826 per
699 1763 733 1808 se
756 1764 815 1809 neo
837 1745 978 1826 gignitur
1000 1765 1150 1826 umquam

293 1877 354 1922 nec
376 1856 489 1921 crescit
511 1876 615 1938 neque
638 1864 711 1940 post
734 1865 867 1922 mortem
890 1858 1006 1923 durare
1029 1859 1197 1950 videtur.¹

293 1993 356 2036 non
380 1971 483 2048 enim,
500 1977 534 2034 ut
557 1993 647 2035 umor
670 1991 773 2052 aquae
796 1972 924 2035 dimittit
947 1991 1045 2055 saepe
1066 1976 1240 2056 vaporem,

218 2107 268 2153 340
294 2086 347 2166 qui
369 2084 464 2148 datus
487 2091 555 2168 cst,
576 2105 680 2166 neque
704 2105 743 2150 33
765 2106 861 2150 causa
884 2085 1183 2172 333331111331333,

292 2199 349 2263 scd
371 2206 478 2264 manet
499 2200 689 2278 incolumis,
706 2220 789 2283 333,
806 2201 957 2283 inquam,
975 2199 1020 2264 sic
1043 2177 1162 2263 animai

291 2313 459 2377 discidium
481 2321 616 2397 possunt
637 2321 725 2378 artus
750 2313 892 2400 perferre
915 2315 1036 2389 relicti,

292 2425 350 2489 sed
376 2427 501 2508 penitus
524 2433 656 2510 pereunt
679 2428 820 2491 33333131
845 2447 967 2508 conque
990 2435 1193 2510 putrescunt.

292 2558 331 2603 ex
353 2540 483 2604 incunte
506 2561 587 2606 aevo
610 2542 656 2606 sic
678 2542 820 2624 corporis
842 2548 937 2623 atque
959 2542 1077 2607 animai

217 2677 266 2724 343
292 2661 402 2719 mutua
424 2656 531 2720 3113113
555 2656 680 2721 discunt
702 2657 851 2737 contagia
873 2663 996 2733 motus,

291 2770 443 2834 maternis
467 2771 562 2834 etiam
586 2771 734 2835 membris
757 2773 895 2854 atroque
916 2777 1064 2853 reposta,

292 2883 460 2948 discidium
484 2889 518 2946 ut
540 2890 679 2965 nequeat
700 2884 769 2948 fieri
792 2886 860 2949 sinc
883 2891 972 2966 peste
995 2885 1163 2968 maloque3

199 2977 201 2983 '
292 3005 326 3060 31
346 2996 478 3080 3131333,
496 2999 646 3079 quoniam
670 2998 868 3063 coniunctast
890 3017 995 3083 33333
1011 2998 1142 3082 3313113,

292 3112 492 3175 coniunctam
516 3131 643 3194 quoque
667 3119 810 3176 naturam
835 3112 1007 3176 consistere
1031 3131 1159 3176 eornm.

218 3246 267 3292 350
338 3225 449 3311 [Quod
472 3245 568 3309 super
590 3233 658 3310 331,
675 3227 774 3309 siquis
795 3246 910 3310 corpus
933 3226 1051 3290 sentire
1074 3227 1208 3303 refutat,

292 3346 386 3420 atque
410 3340 550 3404 animam
574 3340 672 3405 credit
694 3341 884 3423 permixtam
908 3361 1042 3424 corpore
1063 3346 1129 3404 1313
1187 3428 1190 3433 ¹

293 3453 455 3537 suscipere
479 3454 561 3518 hunc
583 3460 702 3518 motum
726 3475 819 3536 quem
841 3473 968 3519 sensum
992 3454 1239 3530 nominitamus,

293 3566 342 3629 331
366 3567 552 3632 manifestas
574 3588 626 3632 res
649 3575 760 3632 contra
782 3585 941 3648 verasque
964 3573 1141 3648 repugnat.
1182 3599 1186 3606 ·

295 3679 371 3761 quid
395 3681 435 3745 311
457 3681 539 3744 enirn
563 3701 677 3764 corpus
699 3681 817 3745 sentire
839 3660 911 3762 quis
933 3678 1058 3743 adferet
1078 3699 1250 3762 umquam,

218 3815 267 3861 355
294 3793 321 3858 31
343 3815 408 3858 333
430 3795 501 3878 ipsa
524 3797 627 3879 palam
653 3793 739 3878 quod
762 3813 812 3858 res
835 3793 922 3859 dedit
945 3813 983 3858 33
1005 3792 1112 3858 docuit
1132 3797 1219 3860 nos?

293 3915 327 3973 at
350 3909 481 3975 dimissa
504 3910 610 3974 anima
632 3929 746 3992 corpus
769 3913 857 3973 caret
878 3909 1018 3990 undiquc
1040 3897 1163 3976 sensui

298 4177 348 4225 330
367 4185 411 4224 aut
430 4172 443 4242 Η
464 4177 513 4224 332
533 4176 644 4226 consorti
664 4177 727 4226 tium
747 4173 759 4245 Η
780 4177 862 4226 vitae.
883 4174 895 4244 11
918 4180 967 4227 335
987 4193 1030 4227 333
1050 4174 1063 4244 11
1084 4179 1134 4226 346
1151 4183 1268 4238 reposto.
1288 4172 1302 4244 ΙΙ
1323 4176 1372 4224 347
1387 4183 1416 4226 ut

299 4279 420 4312 dtnmtem
433 4297 438 4312 ι
