3140 5036
637 389 641 396 '
693 382 751 446 ΙΠῙ

159 573 259 638 usque
283 554 366 619 adeo
389 554 498 635 magni
523 552 621 618 remrt
643 552 780 617 studium
804 559 901 634 atque
923 554 1093 639 voluptas,

81 687 133 735 085
160 674 191 732 ct
210 669 328 750 quibus
350 669 382 732 in
406 670 500 734 rebus
523 669 706 732 consuerint
729 687 799 732 esse
822 669 945 752 operati

161 803 225 847 non
249 783 393 849 homines
416 784 518 849 solum
542 783 598 848 sed
621 803 696 846 veru
720 781 873 844 animalia
896 789 1027 847 cuncta.

163 897 280 982 quippe
302 899 426 964 videbis
449 919 549 982 equos
571 899 769 982 f01·tis‚·cum
791 899 936 962 membra
958 898 1127 984 iacebunt,

159 1013 192 1077 in
216 1013 335 1078 scmnis
360 1013 476 1080 sudare
499 1021 607 1078 tamen
631 1013 816 1097 spirareque
840 1033 964 1096 semper

163 1135 195 1193 et
218 1129 309 1210 quasi
332 1128 372 1192 de
395 1131 502 1213 palma
524 1149 664 1194 summas
688 1129 882 1193 contendere
904 1129 982 1194 viris

80 1265 133 1311 990
161 1245 331 1326 autquasi
355 1246 536 1310 carceribus
559 1243 729 1328 patefactis
754 1292 1016 1309 .........

81 1380 132 1426 999
160 1367 396 1442 venantumque
420 1380 516 1425 canes
540 1359 574 1422 in
596 1359 684 1422 mclii
707 1379 805 1442 saepe
829 1358 935 1440 quiete

80 1496 129 1542 991
158 1477 279 1540 iactant
300 1497 391 1551 crura
414 1483 519 1540 tamen
542 1476 646 1540 subito
669 1493 829 1556 vocesque
853 1479 985 1558 repente

160 1591 286 1654 mittunt
307 1597 339 1656 et
361 1592 470 1656 crebro
494 1590 672 1656 redducunt
693 1589 825 1653 naribus
848 1609 963 1672 auras,

160 1713 194 1769 ut
215 1707 350 1791 vestigia
372 1707 399 1770 si
420 1711 550 1770 teneant
571 1707 701 1770 inventa
723 1705 881 1787 ferarum,

161 1819 439 1904 expergefactique
462 1825 610 1884 secuntur
631 1821 740 1884 inania
763 1839 862 1902 saepe

81 1956 133 2002 995
162 1955 327 2000 cervorum
350 1935 538 2019 simulacra,
556 1935 654 2019 fugae
678 1935 769 2016 quasi
793 1933 902 1999 dedita
925 1939 1077 2016 cernant,

161 2050 264 2115 donec
287 2050 439 2114 discussis
462 2049 597 2115 redeant
620 2049 780 2114 erroribus
803 2049 846 2113 ad
869 2069 923 2112 99.

160 2171 194 2230 at
216 2170 370 2232 consucta
392 2165 479 2230 domi
503 2165 678 2229 catulorum
701 2163 823 2226 blanda
845 2183 991 2245 propago

160 2279 316 2345 discutere
340 2285 372 2344 et
393 2299 508 2363 cerpus
530 2279 571 2342 de
593 2285 678 2350 terra
701 2277 859 2360 ccrripcrc
882 2277 1001 2340 instant

73 2416 143 2462 1004
159 2393 293 2477 proinde
317 2395 409 2476 quasi
432 2394 560 2477 ignotas
583 2393 684 2458 iacies
706 2398 801 2474 atquc
827 2413 882 2457 ura
905 2397 1056 2456 tuantur.

161 2515 192 2573 et
215 2528 277 2589 quc
301 2527 445 2590 quaeque
468 2507 570 2587 magis
594 2513 666 2570 sunt
688 2525 803 2590 aspera
827 2507 1053 2581 semiuicrum,

160 2627 225 2685 tam
248 2623 350 2704 magis
374 2623 406 2686 in
430 2621 549 2687 somnis
572 2623 683 2684 eadem
708 2621 831 2685 saevire
854 2629 1037 2686 necessust:

161 2742 194 2800 at
215 2738 325 2802 variae
347 2736 475 2820 'fugiunt
496 2735 641 2800 volucres
665 2735 833 2818 pinnisque
856 2741 986 2819 repente

160 2851 333 2915 sollicitant
355 2851 460 2916 divum
484 2855 637 2914 nocturno
661 2856 803 2934 tempure
826 2851 935 2927 lucos,

162 2965 331 3049 accipitres
355 2985 465 3030 somno
488 2965 521 3028 in
544 2965 608 3028 leni
631 2965 658 3029 si
681 2966 804 3048 proelia
826 2985 952 3049 pugnas

75 3102 144 3149 1010
164 3079 260 3144 edere
283 3085 356 3144 sunt
376 3084 596 3163 persectantes
618 3079 770 3160 visaeque
793 3080 960 3143 vclantcs.

160 3215 256 3278 porro
279 3193 441 3258 huminum
464 3190 749 3276 mentes,'magnis
774 3192 827 3273 qui
850 3192 1009 3278 mentibus
1031 3191 1129 3256 edunt

161 3329 299 3390 magna,
316 3308 424 3372 itidem
448 3325 546 3389 saepe
568 3306 601 3368 in
625 3307 744 3372 somnis
768 3306 954 3390 faciuntque
978 3312 1174 3389 gemetque,

162 3442 257 3504 reges
281 3427 485 3506 expugnant,
504 3420 693 3504 capiuntur,
709 3421 833 3502 proelia
855 3421 1008 3504 miscent,

162 3536 276 3600 tollunt
298 3537 488 3618 clamorem,
506 3535 597 3616 quasi
621 3536 647 3598 si
670 3535 852 3619 iugulentur
873 3535 1012 3599 ibidem.

78 3673 145 3718 1015
163 3650 254 3714 multi
277 3651 463 3733 depugnant
485 3649 684 3732 gemitusque
708 3649 872 3715 doloribus
893 3649 1010 3732 edunt,

163 3773 195 3830 et
217 3765 310 3847 quasi
332 3765 510 3848 pantherae
533 3785 641 3828 morsu
663 3763 791 3828 saevive
814 3764 916 3828 leonis

164 3879 357 3944 mandantur
378 3877 506 3958 magnis
530 3877 722 3942 clamoribus
747 3877 855 3940 crnnia
878 3876 1058 3959 complent.

165 4061 366 4068 ..ψ-..ο

169 4173 403 4245 984191111199.11
429 4177 478 4225 989
498 4174 594 4237 palmas
620 4171 632 4241 Η
660 4176 710 4223 990
733 4189 807 4238 saepe
827 4173 926 4235 quiete.
952 4168 966 4239 Η
992 4173 1039 4220 991
1060 4173 1179 4234 vocisque
1200 4170 1213 4241 Η
1240 4176 1289 4223 995

169 4264 231 4328 iuga
252 4262 265 4332 ss
285 4267 356 4314 ddita
383 4261 396 4331 11
422 4265 472 4312 996
491 4261 629 4310 terroribus
657 4257 669 4328 Η
696 4260 1089 4310 1000-1003ε991-994,
1114 4257 1127 4326 Η
1153 4263 1218 4309 1011
1242 4275 1291 4322 que

168 4352 297 4401 montibus
318 4352 331 4422 Η
355 4354 420 4400 1013
441 4351 598 4414 exipuguant

374 4435 391 4478 ·
1024 4443 1090 4514 19*
