3108 5034
417 1292 466 1372 T.
495 1289 788 1374 LUORETI
819 1290 976 1374 CARI

240 1526 358 1626 DE
404 1525 725 1624 RERUM
769 1525 1146 1630 NATURA

497 1771 639 1836 LIBER
666 1773 889 1837 TERTIUS.

581 2015 782 2022 ———

131 2240 170 2346 E
192 2289 335 2353 tenebris
357 2289 453 2352 tantis
476 2293 542 2354 tam
566 2288 687 2352 clarum
710 2288 864 2354 extollere
888 2289 996 2362 lumen

133 2401 185 2481 qui
207 2403 329 2486 primus
351 2402 482 2486 potuisti
504 2402 676 2467 inlustrans
700 2403 868 2468 commoda
890 2403 999 2484 vitae,

131 2522 162 2580 te
184 2535 318 2597 sequor,
336 2536 354 2579 o
378 2516 497 2580 Graiae
519 2516 624 2598 gentis
647 2517 765 2592 decus,
781 2523 878 2599 inque
900 2517 962 2582 tuis
986 2536 1069 2581 nunc

131 2629 204 2693 fieta
227 2629 346 2713 pedum
368 2651 453 2714 pono
476 2632 597 2714 pressis
619 2631 756 2712 vestigia
776 2631 897 2714 signis,

89 2763 104 2810 5
130 2762 195 2806 non
218 2743 264 2806 ita
287 2744 426 2808 certandi
451 2745 585 2828 cupidus
609 2765 706 2825 quam
728 2751 859 2828 propter
882 2765 1025 2810 amorem

130 2855 217 2936 quod
240 2863 271 2921 tc
293 2857 410 2922 imitari
432 2879 533 2924 aveo:
552 2859 629 2940 quid
651 2859 734 2923 enim
759 2859 932 2923 contendat
954 2858 1091 2923 hirundo

132 2970 259 3052 cycnis,
276 2977 331 3034 ant
354 2971 430 3052 quid
453 2993 527 3037 nam
549 2973 692 3037 tremulis
714 2972 824 3038 facero
847 2963 980 3036 artubus
1007 2973 1102 3036 haedi

132 3083 298 3148 consimile
320 3085 352 3146 in
376 3105 470 3149 cursu
491 3086 616 3168 possint
638 3092 669 3150 et
691 3086 783 3150 fortis
807 3087 880 3166 equi
902 3088 979 3151 vis?

131 3203 185 3274 tu,
201 3203 311 3279 pater,
328 3217 362 3262 es
385 3217 489 3262 rerum
511 3199 676 3282 inventor,
692 3205 727 3262 tu
749 3199 855 3282 patria
877 3199 970 3263 nobis

75 3330 107 3376 ro
132 3309 318 3394 suppeditas
340 3317 534 3395 praecepta,
550 3312 676 3393 tuisque
699 3333 758 3390 cx,
774 3313 911 3396 inclute,
929 3313 1066 3395 chartis,

131 3424 280 3489 floriferis
302 3433 336 3489 ut
358 3446 437 3510 apes
459 3427 491 3490 in
515 3425 647 3492 saltibus
670 3428 777 3492 omnia
799 3428 921 3504 libant,

133 3539 240 3602 omnia
262 3558 321 3603 nos
343 3539 451 3604 itidem
475 3541 676 3625 depascimur
697 3562 795 3607 aurea
818 3521 927 3627 diota,

133 3672 252 3730 aurea,
268 3659 422 3737 perpetua
445 3675 572 3740 semper
593 3656 781 3738 dignissima
803 3657 890 3721 vita.

132 3766 325 3834 namsirn'ul
347 3789 384 3833 ac
406 3769 487 3834 ratio
510 3777 565 3832 tua
588 3771 694 3854 coepit
714 3771 885 3836 vociferari

78 3899 110 3946 15
133 3887 282 3945 naturam
303 3902 428 3962 rernm,
445 3884 554 3948 divina
575 3891 680 3949 mente
704 3891 832 3968 coorta,

133 3994 305 4078 diffugiunt
325 3996 423 4060 animi
443 4001 600 4080 terrores,
615 3999 744 4064 moenia
765 3998 875 4062 mnndi

2 4129 9 4134 ·
133 4107 319 4194 discedunt,
336 4115 435 4174 totum
457 4109 550 4174 video
573 4110 747 4193 perinane
770 4111 838 4190 geri
860 4128 931 4174 res.

140 4352 152 4399 1
173 4349 196 4400 O
216 4347 230 4420 ll
251 4355 264 4399 7
286 4350 388 4415 Cycniis
409 4347 422 4420 ΙΙ
444 4354 473 4401 11
493 4349 599 4400 limant.
620 4347 633 4419 Η
655 4353 685 4401 15
705 4358 834 4401 coortam.
