<?xml version="1.0" encoding="UTF-8"?>
<!DOCTYPE html PUBLIC "-//W3C//DTD XHTML 1.0 Transitional//EN"
    "http://www.w3.org/TR/xhtml1/DTD/xhtml1-transitional.dtd">
<html xmlns="http://www.w3.org/1999/xhtml" xml:lang="en" lang="en">
 <head>
  <title>
</title>
<meta http-equiv="Content-Type" content="text/html;charset=utf-8" />
  <meta name='ocr-system' content='tesseract 3.04.00' />
  <meta name='ocr-capabilities' content='ocr_page ocr_carea ocr_par ocr_line ocrx_word'/>
</head>
<body>
  <div class='ocr_page' id='page_1' title='image "./tlucreticarider25carugoog_0116.png"; bbox 0 0 3140 5036; ppageno 0'>
   <div class='ocr_carea' id='block_1_1' title="bbox 667 409 760 477">
    <p class='ocr_par' dir='ltr' id='par_1_1' title="bbox 667 409 760 477">
     <span class='ocr_line' id='line_1_1' title="bbox 667 409 760 477; baseline 0.011 -1"><span class='ocrx_word' id='word_1_1' title='bbox 667 409 711 477; x_wconf 87' lang='grc' dir='ltr'><strong>ΙΙΙ</strong></span> <span class='ocrx_word' id='word_1_2' title='bbox 758 458 760 461; x_wconf 90' lang='grc'>-</span> 
     </span>
    </p>
   </div>
   <div class='ocr_carea' id='block_1_2' title="bbox 56 565 1119 4104">
    <p class='ocr_par' dir='ltr' id='par_1_2' title="bbox 125 565 1094 786">
     <span class='ocr_line' id='line_1_2' title="bbox 127 565 1094 668; baseline 0.001 -20"><span class='ocrx_word' id='word_1_3' title='bbox 127 589 287 649; x_wconf 87' lang='lat' dir='ltr'><strong>ettamen</strong></span> <span class='ocrx_word' id='word_1_4' title='bbox 310 565 396 648; x_wconf 78' lang='lat' dir='ltr'><strong>daud</strong></span> <span class='ocrx_word' id='word_1_5' title='bbox 419 603 581 666; x_wconf 88' lang='lat' dir='ltr'><strong>quaquam</strong></span> <span class='ocrx_word' id='word_1_6' title='bbox 603 589 730 648; x_wconf 88' lang='lat' dir='ltr'><strong>nostros</strong></span> <span class='ocrx_word' id='word_1_7' title='bbox 753 587 828 648; x_wconf 91' lang='lat' dir='ltr'><strong>tunc</strong></span> <span class='ocrx_word' id='word_1_8' title='bbox 848 584 906 648; x_wconf 92' lang='lat' dir='ltr'><strong>illa</strong></span> <span class='ocrx_word' id='word_1_9' title='bbox 928 603 985 668; x_wconf 91' lang='lat' dir='ltr'><strong>per</strong></span> <span class='ocrx_word' id='word_1_10' title='bbox 1008 591 1094 650; x_wconf 89' lang='lat' dir='ltr'><strong>artus</strong></span> 
     </span>
     <span class='ocr_line' id='line_1_3' title="bbox 125 695 986 786; baseline 0.001 -25"><span class='ocrx_word' id='word_1_11' title='bbox 125 698 225 780; x_wconf 89' lang='lat' dir='ltr'><strong>longe</strong></span> <span class='ocrx_word' id='word_1_12' title='bbox 247 700 287 765; x_wconf 92' lang='lat' dir='ltr'><strong>ab</strong></span> <span class='ocrx_word' id='word_1_13' title='bbox 311 698 477 764; x_wconf 83' lang='lat' dir='ltr'>sensiferis</span> <span class='ocrx_word' id='word_1_14' title='bbox 499 697 675 782; x_wconf 88' lang='lat' dir='ltr'><strong>primordia</strong></span> <span class='ocrx_word' id='word_1_15' title='bbox 697 695 836 786; x_wconf 87' lang='lat' dir='ltr'><strong>motibus</strong></span> <span class='ocrx_word' id='word_1_16' title='bbox 859 704 986 776; x_wconf 85' lang='lat' dir='ltr'><strong>errant,</strong></span> 
     </span>
    </p>

    <p class='ocr_par' dir='ltr' id='par_1_3' title="bbox 57 813 1114 1356">
     <span class='ocr_line' id='line_1_4' title="bbox 57 813 1018 899; baseline -0.001 -21"><span class='ocrx_word' id='word_1_17' title='bbox 57 832 101 879; x_wconf 83' lang='grc'><strong>999</strong></span> <span class='ocrx_word' id='word_1_18' title='bbox 126 833 196 877; x_wconf 90' lang='lat' dir='ltr'><strong>oum</strong></span> <span class='ocrx_word' id='word_1_19' title='bbox 221 819 383 897; x_wconf 88' lang='lat' dir='ltr'><strong>correptus</strong></span> <span class='ocrx_word' id='word_1_20' title='bbox 406 813 501 877; x_wconf 91' lang='lat' dir='ltr'><strong>homo</strong></span> <span class='ocrx_word' id='word_1_21' title='bbox 525 833 564 877; x_wconf 90' lang='lat' dir='ltr'><strong>ex</strong></span> <span class='ocrx_word' id='word_1_22' title='bbox 587 833 699 877; x_wconf 88' lang='lat' dir='ltr'><strong>somno</strong></span> <span class='ocrx_word' id='word_1_23' title='bbox 723 832 758 878; x_wconf 89' lang='lat' dir='ltr'><strong>se</strong></span> <span class='ocrx_word' id='word_1_24' title='bbox 782 813 906 895; x_wconf 79' lang='lat' dir='ltr'>colligit</span> <span class='ocrx_word' id='word_1_25' title='bbox 927 815 1018 899; x_wconf 87' lang='lat' dir='ltr'><strong>ipse.</strong></span> 
     </span>
     <span class='ocr_line' id='line_1_5' title="bbox 124 925 1114 1012; baseline 0 -22"><span class='ocrx_word' id='word_1_26' title='bbox 124 928 222 992; x_wconf 90' lang='lat' dir='ltr'><strong>multo</strong></span> <span class='ocrx_word' id='word_1_27' title='bbox 245 928 341 1010; x_wconf 90' lang='lat' dir='ltr'><strong>igitur</strong></span> <span class='ocrx_word' id='word_1_28' title='bbox 363 934 496 992; x_wconf 88' lang='lat' dir='ltr'><strong>mortem</strong></span> <span class='ocrx_word' id='word_1_29' title='bbox 518 927 623 991; x_wconf 90' lang='lat' dir='ltr'><strong>minus</strong></span> <span class='ocrx_word' id='word_1_30' title='bbox 646 925 689 992; x_wconf 93' lang='lat' dir='ltr'><strong>ad</strong></span> <span class='ocrx_word' id='word_1_31' title='bbox 713 949 771 992; x_wconf 91' lang='lat' dir='ltr'><strong>nos</strong></span> <span class='ocrx_word' id='word_1_32' title='bbox 794 947 866 993; x_wconf 90' lang='lat' dir='ltr'><strong>esse</strong></span> <span class='ocrx_word' id='word_1_33' title='bbox 888 929 1114 1012; x_wconf 88' lang='lat' dir='ltr'><strong>putandumst;</strong></span> 
     </span>
     <span class='ocr_line' id='line_1_6' title="bbox 124 1025 1079 1126; baseline 0 -20"><span class='ocrx_word' id='word_1_34' title='bbox 124 1043 151 1106; x_wconf 90' lang='lat' dir='ltr'><strong>si</strong></span> <span class='ocrx_word' id='word_1_35' title='bbox 174 1042 279 1107; x_wconf 86' lang='lat' dir='ltr'><strong>minus</strong></span> <span class='ocrx_word' id='word_1_36' title='bbox 302 1062 373 1108; x_wconf 86' lang='lat' dir='ltr'><strong>esse</strong></span> <span class='ocrx_word' id='word_1_37' title='bbox 395 1048 500 1126; x_wconf 89' lang='lat' dir='ltr'><strong>potest</strong></span> <span class='ocrx_word' id='word_1_38' title='bbox 523 1061 618 1124; x_wconf 90' lang='lat' dir='ltr'><strong>quam</strong></span> <span class='ocrx_word' id='word_1_39' title='bbox 642 1043 728 1124; x_wconf 95' lang='lat' dir='ltr'><strong>quod</strong></span> <span class='ocrx_word' id='word_1_40' title='bbox 751 1042 795 1106; x_wconf 88' lang='lat' dir='ltr'><strong>nil</strong></span> <span class='ocrx_word' id='word_1_41' title='bbox 821 1063 892 1108; x_wconf 88' lang='lat' dir='ltr'><strong>esse</strong></span> <span class='ocrx_word' id='word_1_42' title='bbox 914 1025 1079 1107; x_wconf 87' lang='lat' dir='ltr'><strong>videmus:</strong></span> 
     </span>
     <span class='ocr_line' id='line_1_7' title="bbox 123 1157 816 1222; baseline 0.001 -3"><span class='ocrx_word' id='word_1_43' title='bbox 123 1157 228 1222; x_wconf 91' lang='lat' dir='ltr'><strong>maior</strong></span> <span class='ocrx_word' id='word_1_44' title='bbox 250 1157 334 1222; x_wconf 91' lang='lat' dir='ltr'><strong>enim</strong></span> <span class='ocrx_word' id='word_1_45' title='bbox 356 1157 468 1222; x_wconf 80' lang='lat' dir='ltr'><strong>turbae</strong></span> <span class='ocrx_word' id='word_1_46' title='bbox 491 1157 642 1222; x_wconf 90' lang='lat' dir='ltr'><strong>disiectus</strong></span> <span class='ocrx_word' id='word_1_47' title='bbox 669 1157 816 1220; x_wconf 87' lang='lat' dir='ltr'><strong>materiai</strong></span> 
     </span>
     <span class='ocr_line' id='line_1_8' title="bbox 123 1271 1057 1356; baseline -0.002 -20"><span class='ocrx_word' id='word_1_48' title='bbox 123 1271 326 1352; x_wconf 70' lang='lat' dir='ltr'><strong>consequitur</strong></span> <span class='ocrx_word' id='word_1_49' title='bbox 347 1271 430 1354; x_wconf 90' lang='lat' dir='ltr'><strong>leto,</strong></span> <span class='ocrx_word' id='word_1_50' title='bbox 446 1273 508 1336; x_wconf 82' lang='lat' dir='ltr'><strong>trec</strong></span> <span class='ocrx_word' id='word_1_51' title='bbox 531 1273 701 1353; x_wconf 89' lang='lat' dir='ltr'><strong>quisquam</strong></span> <span class='ocrx_word' id='word_1_52' title='bbox 724 1272 907 1356; x_wconf 80' lang='lat' dir='ltr'><strong>expergitus</strong></span> <span class='ocrx_word' id='word_1_53' title='bbox 931 1277 1057 1354; x_wconf 80' lang='lat' dir='ltr'><strong>exstat,</strong></span> 
     </span>
    </p>

    <p class='ocr_par' dir='ltr' id='par_1_4' title="bbox 57 1385 935 1471">
     <span class='ocr_line' id='line_1_9' title="bbox 57 1385 935 1471; baseline 0 -23"><span class='ocrx_word' id='word_1_54' title='bbox 57 1403 100 1451; x_wconf 81' lang='lat' dir='ltr'><strong>oso</strong></span> <span class='ocrx_word' id='word_1_55' title='bbox 124 1385 243 1471; x_wconf 84' lang='lat' dir='ltr'><strong>frigida</strong></span> <span class='ocrx_word' id='word_1_56' title='bbox 267 1405 361 1467; x_wconf 92' lang='lat' dir='ltr'><strong>quem</strong></span> <span class='ocrx_word' id='word_1_57' title='bbox 385 1387 484 1450; x_wconf 85' lang='lat' dir='ltr'><strong>semel</strong></span> <span class='ocrx_word' id='word_1_58' title='bbox 506 1393 555 1451; x_wconf 87' lang='lat' dir='ltr'><strong>est</strong></span> <span class='ocrx_word' id='word_1_59' title='bbox 576 1385 656 1452; x_wconf 86' lang='lat' dir='ltr'><strong>vitai</strong></span> <span class='ocrx_word' id='word_1_60' title='bbox 678 1406 783 1470; x_wconf 88' lang='lat' dir='ltr'><strong>pausa</strong></span> <span class='ocrx_word' id='word_1_61' title='bbox 806 1391 935 1450; x_wconf 84' lang='lat' dir='ltr'><strong>secuta.</strong></span> 
     </span>
    </p>

    <p class='ocr_par' dir='ltr' id='par_1_5' title="bbox 119 1499 1093 1926">
     <span class='ocr_line' id='line_1_10' title="bbox 162 1499 909 1584; baseline 0.003 -22"><span class='ocrx_word' id='word_1_62' title='bbox 162 1500 309 1581; x_wconf 92' lang='lat' dir='ltr'><strong>Denique</strong></span> <span class='ocrx_word' id='word_1_63' title='bbox 331 1499 359 1566; x_wconf 85' lang='lat' dir='ltr'><strong>si</strong></span> <span class='ocrx_word' id='word_1_64' title='bbox 380 1519 491 1565; x_wconf 81' lang='lat' dir='ltr'><strong>vocem</strong></span> <span class='ocrx_word' id='word_1_65' title='bbox 512 1519 617 1564; x_wconf 88' lang='lat' dir='ltr'><strong>rerum</strong></span> <span class='ocrx_word' id='word_1_66' title='bbox 639 1506 756 1565; x_wconf 93' lang='lat' dir='ltr'><strong>natura</strong></span> <span class='ocrx_word' id='word_1_67' title='bbox 778 1507 909 1584; x_wconf 89' lang='lat' dir='ltr'><strong>repente</strong></span> 
     </span>
     <span class='ocr_line' id='line_1_11' title="bbox 124 1615 993 1698; baseline 0.001 -21"><span class='ocrx_word' id='word_1_68' title='bbox 124 1615 227 1678; x_wconf 88' lang='lat' dir='ltr'><strong>mittat</strong></span> <span class='ocrx_word' id='word_1_69' title='bbox 250 1621 281 1678; x_wconf 91' lang='lat' dir='ltr'><strong>et</strong></span> <span class='ocrx_word' id='word_1_70' title='bbox 302 1615 363 1680; x_wconf 90' lang='lat' dir='ltr'><strong>hoc</strong></span> <span class='ocrx_word' id='word_1_71' title='bbox 385 1615 483 1680; x_wconf 86' lang='lat' dir='ltr'><strong>alicui</strong></span> <span class='ocrx_word' id='word_1_72' title='bbox 505 1625 644 1682; x_wconf 91' lang='lat' dir='ltr'><strong>nostrum</strong></span> <span class='ocrx_word' id='word_1_73' title='bbox 668 1616 714 1680; x_wconf 89' lang='lat' dir='ltr'><strong>sio</strong></span> <span class='ocrx_word' id='word_1_74' title='bbox 738 1615 878 1698; x_wconf 89' lang='lat' dir='ltr'><strong>increpet</strong></span> <span class='ocrx_word' id='word_1_75' title='bbox 899 1615 993 1698; x_wconf 87' lang='lat' dir='ltr'><strong>ipsa,</strong></span> 
     </span>
     <span class='ocr_line' id='line_1_12' title="bbox 119 1723 1093 1813; baseline -0.002 -19"><span class='ocrx_word' id='word_1_76' title='bbox 119 1723 210 1811; x_wconf 87' lang='lat' dir='ltr'><strong>‘quid</strong></span> <span class='ocrx_word' id='word_1_77' title='bbox 231 1728 291 1792; x_wconf 90' lang='lat' dir='ltr'><strong>tibi</strong></span> <span class='ocrx_word' id='word_1_78' title='bbox 313 1734 402 1793; x_wconf 86' lang='lat' dir='ltr'><strong>tanto</strong></span> <span class='ocrx_word' id='word_1_79' title='bbox 425 1736 568 1813; x_wconf 83' lang='lat' dir='ltr'><strong>operest,</strong></span> <span class='ocrx_word' id='word_1_80' title='bbox 585 1731 746 1808; x_wconf 84' lang='lat' dir='ltr'><strong>mortalis,</strong></span> <span class='ocrx_word' id='word_1_81' title='bbox 764 1729 851 1812; x_wconf 91' lang='lat' dir='ltr'><strong>quod</strong></span> <span class='ocrx_word' id='word_1_82' title='bbox 872 1729 963 1794; x_wconf 90' lang='lat' dir='ltr'><strong>nimis</strong></span> <span class='ocrx_word' id='word_1_83' title='bbox 986 1729 1093 1810; x_wconf 81' lang='lat' dir='ltr'><strong>aegris</strong></span> 
     </span>
     <span class='ocr_line' id='line_1_13' title="bbox 124 1842 1059 1926; baseline 0.002 -19"><span class='ocrx_word' id='word_1_84' title='bbox 124 1844 261 1908; x_wconf 87' lang='lat' dir='ltr'><strong>luctibus</strong></span> <span class='ocrx_word' id='word_1_85' title='bbox 283 1842 458 1924; x_wconf 78' lang='lat' dir='ltr'><strong>indulges?</strong></span> <span class='ocrx_word' id='word_1_86' title='bbox 474 1845 550 1926; x_wconf 91' lang='lat' dir='ltr'><strong>quid</strong></span> <span class='ocrx_word' id='word_1_87' title='bbox 574 1852 706 1910; x_wconf 88' lang='lat' dir='ltr'><strong>mortem</strong></span> <span class='ocrx_word' id='word_1_88' title='bbox 729 1843 891 1926; x_wconf 82' lang='lat' dir='ltr'><strong>congemis</strong></span> <span class='ocrx_word' id='word_1_89' title='bbox 913 1865 951 1908; x_wconf 89' lang='lat' dir='ltr'><strong>ac</strong></span> <span class='ocrx_word' id='word_1_90' title='bbox 973 1844 1059 1910; x_wconf 82' lang='lat' dir='ltr'><strong>fles‘?</strong></span> 
     </span>
    </p>

    <p class='ocr_par' dir='ltr' id='par_1_6' title="bbox 61 1957 1058 2502">
     <span class='ocr_line' id='line_1_14' title="bbox 61 1957 1058 2043; baseline 0.003 -21"><span class='ocrx_word' id='word_1_91' title='bbox 61 1977 102 2024; x_wconf 88' lang='grc'><strong>999</strong></span> <span class='ocrx_word' id='word_1_92' title='bbox 124 1979 196 2024; x_wconf 88' lang='lat' dir='ltr'><strong>nam</strong></span> <span class='ocrx_word' id='word_1_93' title='bbox 220 1958 322 2040; x_wconf 88' lang='lat' dir='ltr'><strong>gratis</strong></span> <span class='ocrx_word' id='word_1_94' title='bbox 345 1957 405 2022; x_wconf 87' lang='lat' dir='ltr'><strong>fuit</strong></span> <span class='ocrx_word' id='word_1_95' title='bbox 427 1959 505 2023; x_wconf 89' lang='lat' dir='ltr'><strong>haee</strong></span> <span class='ocrx_word' id='word_1_96' title='bbox 526 1960 583 2023; x_wconf 91' lang='lat' dir='ltr'><strong>tibi</strong></span> <span class='ocrx_word' id='word_1_97' title='bbox 605 1961 671 2024; x_wconf 88' lang='lat' dir='ltr'><strong>vita</strong></span> <span class='ocrx_word' id='word_1_98' title='bbox 693 1966 768 2024; x_wconf 84' lang='lat' dir='ltr'><strong>ante</strong></span> <span class='ocrx_word' id='word_1_99' title='bbox 791 1966 865 2024; x_wconf 89' lang='lat' dir='ltr'><strong>acta</strong></span> <span class='ocrx_word' id='word_1_100' title='bbox 887 1960 1058 2043; x_wconf 86' lang='lat' dir='ltr'><strong>priorque,</strong></span> 
     </span>
     <span class='ocr_line' id='line_1_15' title="bbox 124 2073 983 2157; baseline 0 -19"><span class='ocrx_word' id='word_1_101' title='bbox 124 2079 154 2138; x_wconf 89' lang='lat' dir='ltr'><strong>et</strong></span> <span class='ocrx_word' id='word_1_102' title='bbox 174 2095 241 2138; x_wconf 91' lang='lat' dir='ltr'><strong>non</strong></span> <span class='ocrx_word' id='word_1_103' title='bbox 264 2073 373 2138; x_wconf 89' lang='lat' dir='ltr'><strong>omnia</strong></span> <span class='ocrx_word' id='word_1_104' title='bbox 394 2079 557 2157; x_wconf 85' lang='lat' dir='ltr'><strong>pertusum</strong></span> <span class='ocrx_word' id='word_1_105' title='bbox 580 2079 735 2155; x_wconf 85' lang='lat' dir='ltr'><strong>congesta</strong></span> <span class='ocrx_word' id='word_1_106' title='bbox 757 2075 848 2155; x_wconf 89' lang='lat' dir='ltr'><strong>quasi</strong></span> <span class='ocrx_word' id='word_1_107' title='bbox 870 2073 903 2136; x_wconf 92' lang='lat' dir='ltr'><strong>in</strong></span> <span class='ocrx_word' id='word_1_108' title='bbox 927 2094 983 2138; x_wconf 90' lang='lat' dir='ltr'><strong>vas</strong></span> 
     </span>
     <span class='ocr_line' id='line_1_16' title="bbox 125 2187 952 2273; baseline -0.002 -21"><span class='ocrx_word' id='word_1_109' title='bbox 125 2187 294 2254; x_wconf 89' lang='lat' dir='ltr'><strong>commoda</strong></span> <span class='ocrx_word' id='word_1_110' title='bbox 316 2187 493 2273; x_wconf 87' lang='lat' dir='ltr'><strong>perfluxere</strong></span> <span class='ocrx_word' id='word_1_111' title='bbox 516 2193 613 2268; x_wconf 89' lang='lat' dir='ltr'><strong>atque</strong></span> <span class='ocrx_word' id='word_1_112' title='bbox 635 2188 762 2270; x_wconf 88' lang='lat' dir='ltr'><strong>ingrata</strong></span> <span class='ocrx_word' id='word_1_113' title='bbox 783 2188 952 2252; x_wconf 88' lang='lat' dir='ltr'><strong>interiere:</strong></span> 
     </span>
     <span class='ocr_line' id='line_1_17' title="bbox 125 2302 892 2387; baseline -0.004 -19"><span class='ocrx_word' id='word_1_114' title='bbox 125 2323 177 2368; x_wconf 92' lang='lat' dir='ltr'><strong>cur</strong></span> <span class='ocrx_word' id='word_1_115' title='bbox 198 2324 265 2368; x_wconf 89' lang='lat' dir='ltr'><strong>non</strong></span> <span class='ocrx_word' id='word_1_116' title='bbox 287 2309 322 2366; x_wconf 94' lang='lat' dir='ltr'><strong>ut</strong></span> <span class='ocrx_word' id='word_1_117' title='bbox 342 2303 456 2387; x_wconf 89' lang='lat' dir='ltr'><strong>plenus</strong></span> <span class='ocrx_word' id='word_1_118' title='bbox 479 2302 563 2367; x_wconf 88' lang='lat' dir='ltr'><strong>vitae</strong></span> <span class='ocrx_word' id='word_1_119' title='bbox 587 2303 721 2368; x_wconf 87' lang='lat' dir='ltr'><strong>conviva</strong></span> <span class='ocrx_word' id='word_1_120' title='bbox 745 2303 892 2378; x_wconf 77' lang='lat' dir='ltr'><strong>recedis,</strong></span> 
     </span>
     <span class='ocr_line' id='line_1_18' title="bbox 125 2414 1036 2502; baseline -0.004 -20"><span class='ocrx_word' id='word_1_121' title='bbox 125 2439 227 2500; x_wconf 90' lang='lat' dir='ltr'><strong>aequo</strong></span> <span class='ocrx_word' id='word_1_122' title='bbox 252 2417 422 2499; x_wconf 82' lang='lat' dir='ltr'><strong>animoque</strong></span> <span class='ocrx_word' id='word_1_123' title='bbox 446 2419 535 2502; x_wconf 86' lang='lat' dir='ltr'><strong>capis</strong></span> <span class='ocrx_word' id='word_1_124' title='bbox 557 2439 720 2502; x_wconf 86' lang='lat' dir='ltr'><strong>securam,</strong></span> <span class='ocrx_word' id='word_1_125' title='bbox 737 2417 851 2501; x_wconf 84' lang='lat' dir='ltr'><strong>stulte,</strong></span> <span class='ocrx_word' id='word_1_126' title='bbox 869 2414 1036 2499; x_wconf 78' lang='lat' dir='ltr'><strong>quietem?</strong></span> 
     </span>
    </p>

    <p class='ocr_par' dir='ltr' id='par_1_7' title="bbox 63 2530 1119 3074">
     <span class='ocr_line' id='line_1_19' title="bbox 63 2530 1026 2616; baseline 0.002 -22"><span class='ocrx_word' id='word_1_127' title='bbox 63 2547 105 2596; x_wconf 77' lang='grc'><strong>999</strong></span> <span class='ocrx_word' id='word_1_128' title='bbox 127 2533 174 2596; x_wconf 90' lang='lat' dir='ltr'><strong>sin</strong></span> <span class='ocrx_word' id='word_1_129' title='bbox 197 2553 238 2598; x_wconf 91' lang='lat' dir='ltr'><strong>ea</strong></span> <span class='ocrx_word' id='word_1_130' title='bbox 261 2552 345 2614; x_wconf 92' lang='lat' dir='ltr'><strong>quae</strong></span> <span class='ocrx_word' id='word_1_131' title='bbox 367 2531 488 2597; x_wconf 86' lang='lat' dir='ltr'><strong>fruetus</strong></span> <span class='ocrx_word' id='word_1_132' title='bbox 512 2551 646 2613; x_wconf 89' lang='lat' dir='ltr'><strong>cumque</strong></span> <span class='ocrx_word' id='word_1_133' title='bbox 670 2551 704 2596; x_wconf 90' lang='lat' dir='ltr'><strong>es</strong></span> <span class='ocrx_word' id='word_1_134' title='bbox 727 2533 850 2616; x_wconf 87' lang='lat' dir='ltr'><strong>periere</strong></span> <span class='ocrx_word' id='word_1_135' title='bbox 872 2530 1026 2616; x_wconf 81' lang='lat' dir='ltr'><strong>profusa,</strong></span> 
     </span>
     <span class='ocr_line' id='line_1_20' title="bbox 127 2645 1050 2730; baseline -0.003 -19"><span class='ocrx_word' id='word_1_136' title='bbox 127 2647 252 2730; x_wconf 87' lang='lat' dir='ltr'><strong>vitaque</strong></span> <span class='ocrx_word' id='word_1_137' title='bbox 274 2647 307 2711; x_wconf 91' lang='lat' dir='ltr'><strong>in</strong></span> <span class='ocrx_word' id='word_1_138' title='bbox 331 2645 504 2724; x_wconf 66' lang='lat' dir='ltr'><strong>offensum,</strong></span> <span class='ocrx_word' id='word_1_139' title='bbox 522 2667 576 2711; x_wconf 90' lang='lat' dir='ltr'><strong>cur</strong></span> <span class='ocrx_word' id='word_1_140' title='bbox 600 2647 737 2730; x_wconf 87' lang='lat' dir='ltr'><strong>amplius</strong></span> <span class='ocrx_word' id='word_1_141' title='bbox 759 2646 880 2711; x_wconf 87' lang='lat' dir='ltr'><strong>addere</strong></span> <span class='ocrx_word' id='word_1_142' title='bbox 902 2649 1050 2726; x_wconf 78' lang='lat' dir='ltr'><strong>quaeris,</strong></span> 
     </span>
     <span class='ocr_line' id='line_1_21' title="bbox 127 2759 1119 2846; baseline 0.001 -24"><span class='ocrx_word' id='word_1_143' title='bbox 127 2781 248 2828; x_wconf 91' lang='lat' dir='ltr'><strong>rursum</strong></span> <span class='ocrx_word' id='word_1_144' title='bbox 273 2763 358 2844; x_wconf 92' lang='lat' dir='ltr'><strong>quod</strong></span> <span class='ocrx_word' id='word_1_145' title='bbox 380 2767 492 2846; x_wconf 87' lang='lat' dir='ltr'><strong>pereat</strong></span> <span class='ocrx_word' id='word_1_146' title='bbox 515 2762 599 2826; x_wconf 90' lang='lat' dir='ltr'><strong>male</strong></span> <span class='ocrx_word' id='word_1_147' title='bbox 622 2768 653 2826; x_wconf 88' lang='lat' dir='ltr'><strong>et</strong></span> <span class='ocrx_word' id='word_1_148' title='bbox 674 2761 835 2842; x_wconf 86' lang='lat' dir='ltr'><strong>ingratum</strong></span> <span class='ocrx_word' id='word_1_149' title='bbox 851 2759 983 2824; x_wconf 79' lang='lat' dir='ltr'><strong>‘occidat</strong></span> <span class='ocrx_word' id='word_1_150' title='bbox 1006 2777 1119 2842; x_wconf 87' lang='lat' dir='ltr'><strong>omne,</strong></span> 
     </span>
     <span class='ocr_line' id='line_1_22' title="bbox 126 2874 939 2962; baseline -0.001 -24"><span class='ocrx_word' id='word_1_151' title='bbox 126 2895 188 2940; x_wconf 95' lang='lat' dir='ltr'><strong>non</strong></span> <span class='ocrx_word' id='word_1_152' title='bbox 210 2875 318 2960; x_wconf 88' lang='lat' dir='ltr'><strong>potius</strong></span> <span class='ocrx_word' id='word_1_153' title='bbox 340 2878 425 2942; x_wconf 89' lang='lat' dir='ltr'><strong>vitae</strong></span> <span class='ocrx_word' id='word_1_154' title='bbox 447 2875 542 2940; x_wconf 91' lang='lat' dir='ltr'><strong>finem</strong></span> <span class='ocrx_word' id='word_1_155' title='bbox 565 2875 647 2941; x_wconf 87' lang='lat' dir='ltr'><strong>facis</strong></span> <span class='ocrx_word' id='word_1_156' title='bbox 670 2881 767 2962; x_wconf 92' lang='lat' dir='ltr'><strong>atque</strong></span> <span class='ocrx_word' id='word_1_157' title='bbox 789 2874 939 2940; x_wconf 80' lang='lat' dir='ltr'><strong>laboris?</strong></span> 
     </span>
     <span class='ocr_line' id='line_1_23' title="bbox 126 2989 1030 3074; baseline -0.003 -21"><span class='ocrx_word' id='word_1_158' title='bbox 126 3009 200 3054; x_wconf 90' lang='lat' dir='ltr'><strong>nam</strong></span> <span class='ocrx_word' id='word_1_159' title='bbox 222 2991 280 3056; x_wconf 90' lang='lat' dir='ltr'><strong>tibi</strong></span> <span class='ocrx_word' id='word_1_160' title='bbox 303 2995 468 3074; x_wconf 89' lang='lat' dir='ltr'><strong>praeterea</strong></span> <span class='ocrx_word' id='word_1_161' title='bbox 491 2989 577 3071; x_wconf 92' lang='lat' dir='ltr'><strong>quod</strong></span> <span class='ocrx_word' id='word_1_162' title='bbox 600 2989 762 3055; x_wconf 89' lang='lat' dir='ltr'><strong>machiner</strong></span> <span class='ocrx_word' id='word_1_163' title='bbox 784 2989 1030 3068; x_wconf 86' lang='lat' dir='ltr'><strong>inveniamque,</strong></span> 
     </span>
    </p>

    <p class='ocr_par' dir='ltr' id='par_1_8' title="bbox 63 3103 1061 3418">
     <span class='ocr_line' id='line_1_24' title="bbox 63 3103 1061 3190; baseline 0.001 -27"><span class='ocrx_word' id='word_1_164' title='bbox 63 3117 104 3166; x_wconf 79' lang='grc'><strong>949</strong></span> <span class='ocrx_word' id='word_1_165' title='bbox 130 3107 213 3186; x_wconf 92' lang='lat' dir='ltr'><strong>quod</strong></span> <span class='ocrx_word' id='word_1_166' title='bbox 236 3107 384 3190; x_wconf 86' lang='lat' dir='ltr'><strong>placeat,</strong></span> <span class='ocrx_word' id='word_1_167' title='bbox 400 3105 445 3168; x_wconf 88' lang='lat' dir='ltr'><strong>nil</strong></span> <span class='ocrx_word' id='word_1_168' title='bbox 469 3110 536 3169; x_wconf 90' lang='lat' dir='ltr'><strong>est:</strong></span> <span class='ocrx_word' id='word_1_169' title='bbox 555 3103 668 3169; x_wconf 89' lang='lat' dir='ltr'><strong>eadem</strong></span> <span class='ocrx_word' id='word_1_170' title='bbox 691 3109 764 3168; x_wconf 89' lang='lat' dir='ltr'><strong>sunt</strong></span> <span class='ocrx_word' id='word_1_171' title='bbox 787 3103 892 3166; x_wconf 88' lang='lat' dir='ltr'><strong>omnia</strong></span> <span class='ocrx_word' id='word_1_172' title='bbox 915 3119 1061 3185; x_wconf 87' lang='lat' dir='ltr'><strong>semper.</strong></span> 
     </span>
     <span class='ocr_line' id='line_1_25' title="bbox 127 3218 967 3302; baseline -0.001 -21"><span class='ocrx_word' id='word_1_173' title='bbox 127 3218 152 3281; x_wconf 93' lang='lat' dir='ltr'><strong>si</strong></span> <span class='ocrx_word' id='word_1_174' title='bbox 174 3219 232 3284; x_wconf 91' lang='lat' dir='ltr'><strong>tibi</strong></span> <span class='ocrx_word' id='word_1_175' title='bbox 254 3240 319 3284; x_wconf 94' lang='lat' dir='ltr'><strong>non</strong></span> <span class='ocrx_word' id='word_1_176' title='bbox 342 3219 436 3284; x_wconf 89' lang='lat' dir='ltr'><strong>annis</strong></span> <span class='ocrx_word' id='word_1_177' title='bbox 459 3239 574 3302; x_wconf 89' lang='lat' dir='ltr'><strong>corpus</strong></span> <span class='ocrx_word' id='word_1_178' title='bbox 596 3220 662 3283; x_wconf 91' lang='lat' dir='ltr'><strong>iam</strong></span> <span class='ocrx_word' id='word_1_179' title='bbox 684 3223 805 3283; x_wconf 86' lang='lat' dir='ltr'><strong>marcet</strong></span> <span class='ocrx_word' id='word_1_180' title='bbox 827 3222 858 3282; x_wconf 89' lang='lat' dir='ltr'><strong>et</strong></span> <span class='ocrx_word' id='word_1_181' title='bbox 879 3222 967 3280; x_wconf 90' lang='lat' dir='ltr'><strong>artus</strong></span> 
     </span>
     <span class='ocr_line' id='line_1_26' title="bbox 127 3333 1018 3418; baseline -0.001 -22"><span class='ocrx_word' id='word_1_182' title='bbox 127 3333 263 3398; x_wconf 85' lang='lat' dir='ltr'><strong>confecti</strong></span> <span class='ocrx_word' id='word_1_183' title='bbox 285 3335 457 3418; x_wconf 86' lang='lat' dir='ltr'><strong>languent,</strong></span> <span class='ocrx_word' id='word_1_184' title='bbox 475 3333 589 3398; x_wconf 88' lang='lat' dir='ltr'><strong>eadem</strong></span> <span class='ocrx_word' id='word_1_185' title='bbox 612 3341 720 3398; x_wconf 90' lang='lat' dir='ltr'><strong>tamen</strong></span> <span class='ocrx_word' id='word_1_186' title='bbox 743 3333 851 3398; x_wconf 88' lang='lat' dir='ltr'><strong>omnia</strong></span> <span class='ocrx_word' id='word_1_187' title='bbox 872 3337 1018 3416; x_wconf 82' lang='lat' dir='ltr'><strong>restant,</strong></span> 
     </span>
    </p>

    <p class='ocr_par' dir='ltr' id='par_1_9' title="bbox 56 3447 1015 3648">
     <span class='ocr_line' id='line_1_27' title="bbox 56 3447 887 3535; baseline 0 -24"><span class='ocrx_word' id='word_1_188' title='bbox 56 3527 59 3535; x_wconf 25' lang='grc' dir='ltr'>Ι</span> <span class='ocrx_word' id='word_1_189' title='bbox 127 3449 234 3513; x_wconf 87' lang='lat' dir='ltr'><strong>omnia</strong></span> <span class='ocrx_word' id='word_1_190' title='bbox 257 3448 284 3512; x_wconf 90' lang='lat' dir='ltr'><strong>si</strong></span> <span class='ocrx_word' id='word_1_191' title='bbox 305 3468 424 3532; x_wconf 88' lang='lat' dir='ltr'><strong>pergas</strong></span> <span class='ocrx_word' id='word_1_192' title='bbox 446 3447 582 3513; x_wconf 89' lang='lat' dir='ltr'><strong>vivendo</strong></span> <span class='ocrx_word' id='word_1_193' title='bbox 607 3449 733 3514; x_wconf 85' lang='lat' dir='ltr'><strong>vincere</strong></span> <span class='ocrx_word' id='word_1_194' title='bbox 757 3449 887 3523; x_wconf 84' lang='lat' dir='ltr'><strong>saecla,</strong></span> 
     </span>
     <span class='ocr_line' id='line_1_28' title="bbox 123 3557 1015 3648; baseline 0.002 -24"><span class='ocrx_word' id='word_1_195' title='bbox 123 3567 222 3644; x_wconf 86' lang='lat' dir='ltr'><strong>atque</strong></span> <span class='ocrx_word' id='word_1_196' title='bbox 246 3565 342 3629; x_wconf 88' lang='lat' dir='ltr'><strong>etiam</strong></span> <span class='ocrx_word' id='word_1_197' title='bbox 364 3565 490 3648; x_wconf 88' lang='lat' dir='ltr'><strong>potius,</strong></span> <span class='ocrx_word' id='word_1_198' title='bbox 508 3565 534 3629; x_wconf 87' lang='lat' dir='ltr'><strong>si</strong></span> <span class='ocrx_word' id='word_1_199' title='bbox 558 3584 729 3646; x_wconf 92' lang='lat' dir='ltr'><strong>numquam</strong></span> <span class='ocrx_word' id='word_1_200' title='bbox 752 3563 796 3628; x_wconf 91' lang='lat' dir='ltr'><strong>sis</strong></span> <span class='ocrx_word' id='word_1_201' title='bbox 815 3563 985 3626; x_wconf 86' lang='lat' dir='ltr'><strong>moriturus</strong></span> <span class='ocrx_word' id='word_1_202' title='bbox 998 3557 1015 3646; x_wconf 83' lang='lat'><strong>‚’</strong></span> 
     </span>
    </p>

    <p class='ocr_par' dir='ltr' id='par_1_10' title="bbox 62 3677 987 3878">
     <span class='ocr_line' id='line_1_29' title="bbox 62 3677 987 3762; baseline 0.006 -28"><span class='ocrx_word' id='word_1_203' title='bbox 62 3687 104 3738; x_wconf 86' lang='grc'><strong>999</strong></span> <span class='ocrx_word' id='word_1_204' title='bbox 128 3677 201 3757; x_wconf 93' lang='lat' dir='ltr'><strong>quid</strong></span> <span class='ocrx_word' id='word_1_205' title='bbox 225 3678 475 3762; x_wconf 86' lang='lat' dir='ltr'><strong>respondemus,</strong></span> <span class='ocrx_word' id='word_1_206' title='bbox 493 3679 554 3744; x_wconf 88' lang='lat' dir='ltr'><strong>nisi</strong></span> <span class='ocrx_word' id='word_1_207' title='bbox 576 3680 691 3744; x_wconf 87' lang='lat' dir='ltr'><strong>iustam</strong></span> <span class='ocrx_word' id='word_1_208' title='bbox 713 3678 878 3744; x_wconf 87' lang='lat' dir='ltr'><strong>intendere</strong></span> <span class='ocrx_word' id='word_1_209' title='bbox 900 3677 987 3742; x_wconf 92' lang='lat' dir='ltr'><strong>litem</strong></span> 
     </span>
     <span class='ocr_line' id='line_1_30' title="bbox 126 3792 943 3878; baseline 0.005 -26"><span class='ocrx_word' id='word_1_210' title='bbox 126 3797 270 3857; x_wconf 89' lang='lat' dir='ltr'><strong>naturam</strong></span> <span class='ocrx_word' id='word_1_211' title='bbox 292 3799 324 3856; x_wconf 93' lang='lat' dir='ltr'><strong>et</strong></span> <span class='ocrx_word' id='word_1_212' title='bbox 345 3813 453 3857; x_wconf 88' lang='lat' dir='ltr'><strong>veram</strong></span> <span class='ocrx_word' id='word_1_213' title='bbox 475 3792 581 3858; x_wconf 88' lang='lat' dir='ltr'><strong>verbis</strong></span> <span class='ocrx_word' id='word_1_214' title='bbox 605 3813 764 3878; x_wconf 87' lang='lat' dir='ltr'><strong>exponere</strong></span> <span class='ocrx_word' id='word_1_215' title='bbox 787 3793 943 3858; x_wconf 83' lang='lat' dir='ltr'><strong>causam?</strong></span> 
     </span>
    </p>

    <p class='ocr_par' dir='ltr' id='par_1_11' title="bbox 63 3907 953 3990">
     <span class='ocr_line' id='line_1_31' title="bbox 63 3907 953 3990; baseline 0.003 -25"><span class='ocrx_word' id='word_1_216' title='bbox 63 3914 105 3965; x_wconf 86' lang='grc'><strong>999</strong></span> <span class='ocrx_word' id='word_1_217' title='bbox 126 3907 275 3985; x_wconf 89' lang='lat' dir='ltr'><strong>grandior</strong></span> <span class='ocrx_word' id='word_1_218' title='bbox 297 3907 349 3971; x_wconf 90' lang='lat' dir='ltr'><strong>hio</strong></span> <span class='ocrx_word' id='word_1_219' title='bbox 370 3927 445 3972; x_wconf 85' lang='lat' dir='ltr'><strong>vero</strong></span> <span class='ocrx_word' id='word_1_220' title='bbox 470 3908 496 3972; x_wconf 88' lang='lat' dir='ltr'><strong>si</strong></span> <span class='ocrx_word' id='word_1_221' title='bbox 518 3907 584 3972; x_wconf 89' lang='lat' dir='ltr'><strong>iam</strong></span> <span class='ocrx_word' id='word_1_222' title='bbox 607 3909 777 3990; x_wconf 84' lang='lat' dir='ltr'><strong>seniorque</strong></span> <span class='ocrx_word' id='word_1_223' title='bbox 801 3912 953 3989; x_wconf 92' lang='lat' dir='ltr'><strong>queratur</strong></span> 
     </span>
    </p>

    <p class='ocr_par' dir='ltr' id='par_1_12' title="bbox 64 4022 1003 4104">
     <span class='ocr_line' id='line_1_32' title="bbox 64 4022 1003 4104; baseline 0.005 -26"><span class='ocrx_word' id='word_1_224' title='bbox 64 4029 104 4079; x_wconf 84' lang='grc'><strong>999</strong></span> <span class='ocrx_word' id='word_1_225' title='bbox 128 4024 221 4100; x_wconf 92' lang='lat' dir='ltr'><strong>atque</strong></span> <span class='ocrx_word' id='word_1_226' title='bbox 243 4022 364 4088; x_wconf 87' lang='lat' dir='ltr'><strong>obitum</strong></span> <span class='ocrx_word' id='word_1_227' title='bbox 386 4023 578 4088; x_wconf 90' lang='lat' dir='ltr'><strong>lamentetur</strong></span> <span class='ocrx_word' id='word_1_228' title='bbox 600 4023 697 4088; x_wconf 89' lang='lat' dir='ltr'><strong>miser</strong></span> <span class='ocrx_word' id='word_1_229' title='bbox 720 4022 856 4104; x_wconf 90' lang='lat' dir='ltr'><strong>amplius</strong></span> <span class='ocrx_word' id='word_1_230' title='bbox 877 4039 1003 4100; x_wconf 88' lang='lat' dir='ltr'><strong>aequo,</strong></span> 
     </span>
    </p>
   </div>
   <div class='ocr_carea' id='block_1_3' title="bbox 129 4181 325 4194">
    <p class='ocr_par' dir='ltr' id='par_1_13' title="bbox 129 4181 325 4194">
     <span class='ocr_line' id='line_1_33' title="bbox 129 4181 325 4194; baseline 0.005 -1"><span class='ocrx_word' id='word_1_231' title='bbox 129 4181 325 4194; x_wconf 50' lang='lat' dir='ltr'>w</span> 
     </span>
    </p>
   </div>
   <div class='ocr_carea' id='block_1_4' title="bbox 131 4281 1250 4444">
    <p class='ocr_par' dir='ltr' id='par_1_14' title="bbox 131 4281 1250 4444">
     <span class='ocr_line' id='line_1_34' title="bbox 131 4281 1250 4357; baseline 0 -23"><span class='ocrx_word' id='word_1_232' title='bbox 131 4285 178 4336; x_wconf 89' lang='grc'><strong>935</strong></span> <span class='ocrx_word' id='word_1_233' title='bbox 196 4287 260 4338; x_wconf 87' lang='lat' dir='ltr'><strong>haec</strong></span> <span class='ocrx_word' id='word_1_234' title='bbox 279 4288 419 4339; x_wconf 76' lang='lat' dir='ltr'><strong>omissum.</strong></span> <span class='ocrx_word' id='word_1_235' title='bbox 440 4285 453 4357; x_wconf 86' lang='grc' dir='ltr'><strong>ΙΙ</strong></span> <span class='ocrx_word' id='word_1_236' title='bbox 474 4292 522 4339; x_wconf 89' lang='grc'><strong>941</strong></span> <span class='ocrx_word' id='word_1_237' title='bbox 544 4291 666 4339; x_wconf 83' lang='lat' dir='ltr'><strong>offensost</strong></span> <span class='ocrx_word' id='word_1_238' title='bbox 685 4287 698 4357; x_wconf 80' lang='lat' dir='ltr'><strong>ll</strong></span> <span class='ocrx_word' id='word_1_239' title='bbox 720 4290 769 4338; x_wconf 89' lang='grc'><strong>943</strong></span> <span class='ocrx_word' id='word_1_240' title='bbox 789 4287 852 4337; x_wconf 86' lang='lat' dir='ltr'><strong>iacis</strong></span> <span class='ocrx_word' id='word_1_241' title='bbox 872 4281 885 4354; x_wconf 77' lang='grc' dir='ltr'><strong>ΙΙ</strong></span> <span class='ocrx_word' id='word_1_242' title='bbox 910 4287 959 4335; x_wconf 87' lang='grc'><strong>945</strong></span> <span class='ocrx_word' id='word_1_243' title='bbox 979 4283 1062 4349; x_wconf 83' lang='lat' dir='ltr'><strong>placet</strong></span> <span class='ocrx_word' id='word_1_244' title='bbox 1087 4283 1099 4354; x_wconf 76' lang='grc' dir='ltr'><em>Η</em></span> <span class='ocrx_word' id='word_1_245' title='bbox 1126 4287 1174 4335; x_wconf 85' lang='grc'><strong>947</strong></span> <span class='ocrx_word' id='word_1_246' title='bbox 1195 4285 1250 4335; x_wconf 86' lang='lat' dir='ltr'><strong>lau·</strong></span> 
     </span>
     <span class='ocr_line' id='line_1_35' title="bbox 131 4371 725 4444; baseline 0.007 -24"><span class='ocrx_word' id='word_1_247' title='bbox 131 4384 220 4434; x_wconf 84' lang='lat' dir='ltr'><strong>guente</strong></span> <span class='ocrx_word' id='word_1_248' title='bbox 241 4371 255 4443; x_wconf 87' lang='grc' dir='ltr'><strong>ΙΙ</strong></span> <span class='ocrx_word' id='word_1_249' title='bbox 274 4383 366 4425; x_wconf 85' lang='lat' dir='ltr'><strong>restat.</strong></span> <span class='ocrx_word' id='word_1_250' title='bbox 387 4375 400 4444; x_wconf 77' lang='grc' dir='ltr'>Η</span> <span class='ocrx_word' id='word_1_251' title='bbox 422 4379 472 4426; x_wconf 87' lang='grc'><strong>948</strong></span> <span class='ocrx_word' id='word_1_252' title='bbox 491 4392 580 4440; x_wconf 87' lang='lat' dir='ltr'><strong>perges</strong></span> <span class='ocrx_word' id='word_1_253' title='bbox 601 4374 613 4444; x_wconf 77' lang='lat' dir='ltr'><strong>d</strong></span> <span class='ocrx_word' id='word_1_254' title='bbox 635 4379 685 4426; x_wconf 86' lang='grc'><strong>950</strong></span> <span class='ocrx_word' id='word_1_255' title='bbox 704 4377 725 4425; x_wconf 87' lang='lat' dir='ltr'><strong>si</strong></span> 
     </span>
    </p>
   </div>
   <div class='ocr_carea' id='block_1_5' title="bbox 0 0 1576 5036">
    <p class='ocr_par' dir='ltr' id='par_1_15' title="bbox 0 0 1576 5036">
     <span class='ocr_line' id='line_1_36' title="bbox 0 0 1576 5036; baseline 0 0"><span class='ocrx_word' id='word_1_256' title='bbox 0 0 1576 5036; x_wconf 95' lang='lat' dir='ltr'><strong> </strong></span> 
     </span>
    </p>
   </div>
  </div>
 </body>
</html>
