3140 5032
273 395 338 460 sno
813 387 857 451 vr
928 478 932 484 ¹

275 581 370 644 quam
394 580 466 624 cum
489 557 634 644 discidit,
650 558 724 624 hinc
747 557 963 643 prorumpitur
985 557 1018 622 in
1039 575 1130 624 mare
1153 557 1239 624 venti

273 675 323 740 vis
346 682 376 738 et
398 674 556 738 fervorem
578 675 692 738 mirum
717 673 887 739 concinnat
908 672 941 736 in
964 671 1079 738 undis:

275 787 499 854 versabundus
522 787 606 852 enim
627 788 720 852 turbo
743 785 909 852 deseendit
930 792 963 852 ct
984 786 1073 852 iliam

274 903 404 968 deducit
426 902 545 986 pariter
566 902 652 968 lento
677 922 748 966 oum
772 920 907 986 corpore
928 902 1069 983 nubcm;

198 1038 249 1085 440
276 1037 372 1100 quam
395 1017 488 1082 simul
512 1036 550 1082 ac
572 1017 739 1100 gravidam
763 1015 896 1080 detrusit
918 1019 959 1084 ad
983 1037 1129 1100 aequora
1150 1016 1260 1101 ponti.

275 1132 330 1197 illc
352 1131 384 1196 in
407 1151 524 1214 aquam
548 1132 651 1196 subito
673 1135 774 1194 totum
797 1151 833 1198 se
855 1133 981 1198 inmittit
1003 1141 1035 1197 et
1057 1151 1151 1198 omne

276 1245 395 1312 excitat
417 1246 539 1330 ingenti
562 1246 668 1312 sonitu
691 1265 777 1310 mare
801 1245 926 1313 fervere
949 1267 1088 1333 eugeus.

275 1361 309 1424 fit
331 1381 459 1443 quoque
484 1367 518 1425 ut
540 1362 680 1427 involvat
702 1362 785 1426 venti
810 1382 846 1428 se
870 1363 1005 1428 nubibus
1027 1363 1095 1447 ipse

275 1481 402 1560 vertex,
419 1476 599 1541 conradens
622 1497 662 1540 ex
686 1484 760 1542 00505
783 1477 905 1542 semina
927 1478 1040 1560 nubis,

199 1611 250 1658 445
277 1595 309 1655 et
331 1591 422 1672 quasi
444 1591 615 1656 demissum
639 1591 730 1656 caelo
754 1598 898 1675 prestera
920 1591 1077 1656 imitetur:

274 1705 327 1769 hic
348 1706 402 1769 ubi
426 1725 460 1770 se
483 1705 517 1770 in
540 1714 642 1770 terras
666 1705 793 1771 demisit
815 1706 1048 1789 dissoluitque‚

275 1819 410 1884 turbinis
431 1820 591 1884 inmanem
615 1821 677 1884 vim
702 1819 859 1902 provomit
881 1828 978 1901 atque
1001 1820 1183 1904 procellae.

274 1932 332 1999 sed
355 1936 432 2016 quia
453 1934 488 1997 fit
509 1955 583 2000 raro
607 1935 736 1998 omnino
760 1933 939 2015 montisque
960 1940 1126 2000 necessest

275 2047 402 2112 officere
424 2048 457 2110 in
479 2048 589 2132 terris,
607 2055 743 2132 apparet
765 2047 905 2114 crebrius
928 2047 1014 2114 idem

202 2182 253 2229 450
277 2168 445 2246 prospectu
470 2164 565 2228 maris
586 2163 620 2227 in
642 2183 759 2246 magno
783 2164 935 2246 caeloque
959 2164 1098 2248 patenti.

313 2277 432 2343 Nubila
455 2286 682 2356 concrescunt,
699 2278 753 2344 ubi
776 2299 912 2361 corpora
933 2279 1035 2344 multa
1056 2278 1196 2344 volando

274 2392 334 2457 hoc
357 2413 473 2478 supero
496 2394 528 2457 in
552 2395 633 2460 caeli
656 2395 760 2478 spatio
784 2403 889 2459 coiere
912 2400 1042 2476 repente

274 2508 463 2592 asperiora,
479 2509 577 2574 moris
600 2528 684 2591 quae
707 2509 831 2594 possint
852 2509 1041 2593 indupedita

275 2611 402 2702 exiguis
425 2629 533 2689 tamen
555 2624 637 2690 inter
660 2643 696 2690 se
719 2644 909 2710 comprensa
931 2625 1051 2690 teneri.

200 2753 250 2802 455
277 2735 357 2802 haec
379 2736 500 2804 faciunt
523 2739 657 2822 primum
681 2761 798 2825 parvas
821 2742 996 2806 consistere
1019 2740 1140 2805 nubes:

277 2851 351 2916 inde
375 2853 455 2920 haec
478 2857 709 2940 comprendunt
730 2856 813 2920 inter
836 2875 870 2919 55
894 2875 1017 2936 conque
1040 2859 1216 2940 gregantur

219 2946 221 2950 ¹
276 2973 307 3033 et
329 2969 551 3051 coniungendo
575 2977 723 3037 crescunt
744 2970 911 3052 ventisque
933 2968 1078 3034 feruntur

278 3105 381 3167 usque
403 3085 486 3151 adeo
510 3085 610 3152 donec
632 3092 808 3171 tempestas
830 3106 929 3152 saeva
950 3091 1109 3150 coortast.

276 3200 312 3265 fit
334 3221 461 3284 quoque
484 3202 529 3266 uti
552 3201 667 3268 montis
690 3201 795 3267 vicina
819 3201 983 3266 cacumina
1006 3200 1097 3276 eaelo

182 3336 254 3384 ι400
279 3336 374 3399 quam
397 3317 459 3382 sint
481 3336 609 3399 quoque
631 3317 754 3401 magis,
771 3322 858 3382 tanto
884 3315 987 3400 magis
1010 3317 1097 3382 edita
1118 3315 1241 3381 fument

277 3429 409 3494 adsidue
432 3431 542 3496 furvae
564 3432 659 3497 nubis
682 3431 820 3514 caligine
843 3450 953 3496 crassa

277 3551 449 3628 propterea
472 3546 566 3626 quia,
583 3566 653 3612 cum
676 3546 854 3611 consistunt
876 3546 986 3609 nubila
1008 3545 1165 3630 primum,

279 3664 356 3724 ante
379 3660 487 3724 videre
511 3661 594 3726 oculi
617 3680 710 3742 quam
734 3659 879 3744 possint,
895 3659 1023 3742 tenvia,
1039 3659 1125 3722 venti

277 3769 443 3862 portantes
464 3781 582 3862 coguut
604 3775 648 3843 ad
670 3795 795 3842 summa
818 3775 982 3840 cacumina
1006 3773 1141 3840 montis:

204 3912 256 3961 405
280 3893 332 3959 10ίο
356 3893 483 3959 demum
505 3893 540 3958 fit
561 3893 607 3958 uti
628 3893 722 3960 turba
745 3892 867 3959 maiore
890 3896 1000 3957 coorta

279 4077 480 4086 ----..-.

282 4198 333 4246 436
352 4205 427 4246 vent.
453 4195 466 4265 Η
493 4200 544 4247 440
564 4198 657 4248 detruit
682 4195 695 4266 Η
719 4201 771 4248 444
789 4198 842 4248 aeri
869 4193 882 4264 Η
907 4199 958 4245 447
977 4195 1117 4260 procellat.
1142 4191 1155 4260 Η
1180 4196 1231 4244 449
1251 4189 1405 4261 0460505511

282 4285 333 4333 452
353 4299 427 4348 super
452 4280 467 4352 Η
490 4284 560 4334 coire
585 4281 598 4352 Η
617 4287 669 4334 453
688 4285 771 4334 modis
792 4285 804 4352 Η
825 4285 876 4334 454
896 4298 1039 4348 compressa
1059 4279 1073 4349 Η
1093 4283 1143 4332 456
1163 4296 1193 4332 ca
1218 4277 1231 4349 Η
1252 4283 1301 4331 461
1322 4279 1407 4331 401055

282 4370 362 4420 nubes
384 4367 396 4439 Η
416 4374 468 4421 465
485 4386 567 4422 mmor
