3108 5034
289 421 333 488 50
835 413 864 478 ll

288 583 323 647 id
344 583 421 647 lacit
443 581 592 664 exiguum
615 583 776 650 clinamen
798 581 1026 667 principiorum

288 716 349 761 nco
370 697 502 778 regione
525 696 586 764 loci
609 703 696 764 certa
718 717 778 764 nec
800 703 942 780 tempore
964 701 1071 760 certo.

329 811 397 875 Nee
419 811 535 895 stipata
557 812 662 893 magis
684 811 744 876 fuit
766 831 917 892 umquam
939 808 1085 874 materiai

215 943 265 991 000
291 925 384 1008 copia
406 945 465 990 nec
486 946 581 1009 porro
605 925 780 991 maioribus
804 925 1002 990 intervallis:

289 1058 362 1102 nam
384 1058 489 1122 neque
511 1039 700 1128 adaugescit
722 1041 891 1121 quicquam
915 1058 1018 1119 neque
1041 1029 1164 1122 deperit
1185 1037 1282 1102 inde.

291 1158 507 1237 quapropter
530 1174 591 1234 quo
613 1174 698 1218 nune
719 1154 752 1216 in
775 1159 862 1218 motu
884 1152 1110 1236 principiorum

289 1286 425 1350 corpora
447 1274 538 1350 sunt,
555 1268 587 1330 in
610 1267 721 1332 eodem
745 1274 818 1332 ante
842 1273 916 1332 acta
938 1271 1044 1330 aetate
1066 1265 1155 1331 fuere

291 1385 322 1444 et
343 1386 417 1464 post
438 1380 521 1445 haec
543 1400 669 1465 semper
691 1382 786 1446 simili
808 1383 932 1447 ratione
955 1380 1115 1462 ferentur,

215 1512 265 1559 300
291 1500 323 1558 et
345 1515 426 1575 quae
450 1496 632 1558 consuerint
654 1496 741 1579 gigni
764 1498 935 1580 gignentur
958 1494 1071 1558 eadem

291 1607 478 1671 condicione
502 1613 534 1671 et
556 1615 647 1672 erunt
669 1616 700 1674 et
722 1615 866 1675 crescent
885 1611 981 1690 vique
1006 1607 1179 1689 valebunt,

292 1726 442 1811 quantum
466 1721 579 1808 cuique
601 1723 709 1788 datum
732 1730 779 1788 est
800 1744 858 1808 per
881 1723 1015 1788 foedera
1034 1721 1179 1786 naturai.

290 1855 349 1899 nec
370 1855 475 1898 rerum
497 1856 652 1901 summam
675 1819 866 1903 commutare
888 1838 955 1901 ulla
977 1843 1082 1921 potest
1103 1835 1171 1900 vis:

291 1969 366 2013 nam
387 1969 491 2032 neque
514 1970 576 2031 quo
599 1953 701 2036 possit
722 1970 824 2035 genus
845 1952 943 2015 ullum
965 1950 1110 2016 materiai
1208 2024 1210 2028 ¹

215 2081 265 2130 305
291 2065 432 2145 effugere
455 2085 494 2129 ex
516 2066 602 2129 omni
626 2065 795 2147 quicquam
817 2073 882 2149 est,
899 2079 1004 2147 neque
1025 2067 1059 2128 in
1082 2084 1175 2128 omne
1198 2084 1339 2128 seorsum

291 2181 376 2244 unde
400 2189 508 2246 coorta
530 2187 626 2263 queat
648 2200 732 2245 nova
753 2181 802 2244 vis
824 2181 1005 2264 inrumpere
1027 2187 1058 2244 et
1080 2198 1207 2242 omnem

289 2300 435 2359 naturam
457 2315 558 2360 rerum
577 2272 704 2361 ¹mutare
728 2301 759 2358 et
782 2300 906 2359 vertere
928 2301 1053 2358 motus.

327 2410 411 2473 Illud
433 2410 465 2472 in
488 2409 538 2474 lris
560 2411 654 2474 rebus
677 2430 741 2473 non
764 2415 812 2474 est
833 2409 997 2488 mirabile,
1016 2426 1134 2489 quare,

289 2523 398 2586 omnia
422 2545 492 2588 cum
513 2544 619 2588 rerum
640 2524 815 2608 primordia
838 2523 953 2589 sintin
976 2527 1082 2604 motu,

214 2657 264 2704 310
289 2657 412 2702 summa
435 2645 541 2704 tamen
565 2659 688 2704 summa
710 2639 856 2705 videatur
878 2643 963 2702 stare
988 2636 1111 2718 quiete,

288 2761 416 2837 praeter·
439 2773 531 2834 quarn
556 2752 659 2834 siquid
682 2754 811 2836 proprio
835 2753 892 2814 dat
914 2770 1046 2833 corpore
1069 2754 1193 2813 motus.
1302 2807 1304 2814 ,

290 2868 392 2932 omnis
415 2867 500 2930 enim
521 2867 618 2946 longe
642 2867 758 2928 nostris
781 2867 822 2928 ab
845 2863 992 2929 sensibus
1013 2863 1096 2926 infra
1205 2863 1206 2866 ’

288 2981 461 3063 primorum
483 2984 598 3042 natura
619 2979 721 3061 iacet3
739 2997 803 3059 qua
824 2983 971 3060 propter,
988 2977 1042 3040 ubi
1064 2977 1136 3060 ipsa

288 3113 418 3158 eernere
439 3095 503 3158 iarn
525 3114 688 3178 nequeas,
704 3101 807 3158 motus
832 3111 957 3175 quoque
981 3112 1111 3176 surpere
1134 3093 1271 3166 debent;

214 3229 263 3276 315
287 3209 474 3292 praesertim
497 3231 587 3287 eum,
605 3229 688 3290 quae
712 3210 870 3292 possimus
894 3228 1045 3284 eernere,
1062 3208 1165 3271 celent

288 3344 387 3408 saepe
409 3332 515 3389 tamen
537 3331 659 3401 motus,
677 3325 782 3406 spatio
808 3322 936 3386 diducta
957 3322 1119 3386 locorum.

288 3460 361 3501 nam
385 3459 484 3522 saepe
507 3441 540 3502 in
564 3437 636 3502 colli
659 3436 829 3500 tondentes
851 3437 969 3518 pabula
990 3436 1077 3500 laetu

288 3551 453 3632 lanigerae
475 3559 601 3634 reptant
621 3551 764 3634 pecudes
787 3569 847 3630 quo
872 3569 1031 3632 quamque
1052 3557 1204 3615 vocantes

286 3666 420 3729 invitant
443 3666 560 3729 herbae
582 3671 779 3748 gemmantes
803 3683 874 3728 rore
895 3667 1034 3741 recenti,

214 3801 264 3848 ano
290 3788 321 3846 et
343 3779 449 3845 satiati
472 3779 547 3863 agni
570 3779 681 3842 ludunt
702 3779 883 3860 blandeque
907 3787 1093 3858 coruscant;

289 3896 397 3960 omnia
420 3915 503 3978 quae
527 3893 619 3959 nobis
641 3894 737 3975 longe
761 3893 897 3968 confusa
916 3893 1062 3958 videntur

289 4017 320 4076 et
340 4011 392 4092 vel
414 4011 500 4075 utin
524 4010 618 4076 viridi
640 4007 759 4075 candor
781 4009 954 4074 consistere
978 4009 1071 4074 colli.

290 4279 341 4326 294
364 4277 413 4327 fult
432 4277 447 4348 Η
467 4280 515 4330 301
540 4280 616 4343 viquo
637 4277 650 4347 Η
672 4281 721 4330 300
745 4278 772 4328 in
796 4293 899 4330 omncs.
920 4275 934 4348 Η
954 4278 1004 4328 313
1028 4277 1126 4342 ipsum.
1147 4269 1161 4343 Η
1182 4275 1232 4324 314
1256 4287 1374 4340 usurpere
1395 4270 1409 4346 ΙΙ

291 4365 341 4420 318
361 4382 437 4428 quam
457 4367 470 4436 Η
492 4368 637 4418 succutiat
657 4364 670 4437 ΙΙ
691 4370 740 4416 322
760 4367 798 4418 uti
