3108 5034
731 441 760 504 ll

183 605 290 671 dicere
312 607 395 671 enim
417 609 522 690 possis
546 609 716 674 caelestem
741 607 881 675 fulminis
904 611 1008 694 ignem

105 739 154 786 385
182 719 331 803 suptilem
354 721 460 801 magis
484 741 501 784 e
524 722 633 806 parvis
656 729 803 788 constare
825 722 955 808 figuris,

179 831 369 915 atque'ideo
393 835 529 900 transire
551 836 711 902 foramina
734 857 815 918 quae
838 838 946 920 nequit
968 838 1052 924 ignis

178 953 286 1011 noster
308 947 360 1012 bic
382 969 400 1012 e
420 949 515 1032 lignis
539 956 607 1016 ortu
630 951 792 1033 taedaque
815 959 959 1017 creatus.

178 1067 348 1146 praeterea
369 1063 477 1128 lumen
499 1084 557 1148 per
580 1086 711 1130 coruum
733 1067 864 1149 transit,
882 1073 917 1130 at
937 1066 1039 1132 imber

178 1175 357 1259 respuitur.
375 1179 501 1257 quare?
516 1179 578 1244 nisi
596 1179 723 1244 luminis
745 1179 802 1242 illa
823 1180 947 1244 minora

103 1308 154 1355 aco
180 1307 316 1370 corpora
338 1295 412 1353 sunt
434 1311 530 1371 quam
553 1293 594 1356 de
618 1294 732 1373 quibus
755 1300 803 1358 est
824 1295 928 1375 liquor
950 1295 1054 1360 almus
1076 1315 1251 1377 aquarum.

180 1406 212 1464 et
234 1403 379 1482 quamvis
403 1405 508 1470 subito
531 1425 589 1489 per
612 1407 716 1470 colum
738 1407 813 1471 vina
835 1407 981 1472 ridemus

177 1515 356 1598 perfluere:
373 1524 407 1581 at
430 1526 540 1583 contra
562 1519 688 1583 tardum
712 1525 875 1584 cunctatur
900 1521 1038 1605 clivom,

177 1634 235 1692 aut
258 1630 354 1713 quia,
371 1632 402 1694 ni
426 1632 558 1716 mirum,
577 1633 747 1697 maioribus
770 1639 818 1698 est
839 1634 1005 1700 elementis

175 1747 232 1805 aut
255 1744 359 1824 magis
383 1747 495 1812 amatis
517 1746 599 1810 inter
622 1767 656 1811 se
678 1767 799 1831 perque
821 1748 968 1831 plicatis,

100 1875 150 1922 395
176 1861 272 1937 atque
294 1858 366 1922 idco
390 1860 423 1922 lit
444 1861 489 1924 uti
511 1881 576 1926 non
599 1867 663 1924 tam
688 1860 815 1925 diducta
838 1868 968 1946 repente

173 1971 256 2034 inter
279 1989 314 2035 se
336 1973 460 2054 possint
480 1975 655 2057 primordia
679 1975 804 2056 singula
827 1995 973 2057 quaeque

175 2083 302 2165 singula
323 2104 381 2168 per
403 2086 554 2169 cuiusque
577 2087 738 2152 foramina
760 2107 972 2172 permanare.

117 2252 119 2256 ,
216 2197 286 2261 Huc
308 2200 432 2263 accedit
446 2202 498 2283 ,uti
521 2201 626 2264 mellis
648 2201 802 2282 lactisque
826 2201 966 2282 liquores

176 2310 314 2375 iucundo
339 2331 435 2377 seusu
456 2314 586 2394 liuguae
610 2319 784 2379 tractentur
809 2313 842 2376 in
865 2332 938 2378 ore:

95 2446 148 2493 400
175 2431 208 2488 at
230 2431 340 2489 contra
362 2431 468 2492 taetra
491 2424 631 2492 absinthi
654 2433 767 2492 natura
790 2426 914 2508 ferique

175 2539 317 2604 centauri
339 2539 434 2630 foedo
455 2517 666 2624 pertorquent
688 2561 745 2605 ora
767 2559 903 2624 sapore;

174 2659 208 2717 ut
230 2652 325 2718 facile
348 2673 505 2738 agnoscas
528 2673 546 2719 e
568 2655 693 2720 levibus
715 2661 810 2735 atque
832 2653 977 2718 rutundis
1025 2691 1027 2696 ·

174 2787 246 2833 esse
268 2787 308 2832 ea
330 2787 413 2850 quae
437 2787 550 2832 sensus
573 2767 710 2833 iucunde
732 2773 865 2850 tangere
887 2771 1042 2854 possunt,
1074 2823 1086 2856 ⁴

122 2961 126 2968 ,
174 2888 208 2946 at
230 2889 342 2947 contra
365 2901 446 2964 quae
469 2902 580 2964 amara
603 2889 699 2964 atque
722 2902 838 2967 aspere
859 2901 992 2964 cumque
1013 2879 1181 2962 videntur,

94 3018 147 3066 405
176 2995 257 3062 haec
278 2997 383 3078 magis
406 2997 521 3060 amatis
543 2998 626 3064 inter
648 3018 682 3064 se
705 3017 790 3062 nexa
813 2997 933 3080 teneri,

174 3116 416 3194 proptereaque¹
432 3111 535 3174 solere
558 3111 629 3174 vias
651 3110 832 3174 rescindere
855 3109 982 3193 nostris·

175 3225 322 3290 sensibus
344 3223 539 3306 introituque
562 3244 619 3288 suo
641 3241 847 3306 perrumpere
869 3241 1004 3305 corpus.

219 3339 334 3402 Omnia
355 3342 517 3422 postremo
541 3338 627 3402 bona
650 3335 797 3402 sensibus
821 3341 851 3399 et
873 3335 961 3398 mala
980 3339 1067 3398 tactu

175 3452 322 3517 dissimili
344 3454 426 3518 inter
448 3473 482 3516 se
504 3459 648 3536 pugnant
670 3450 814 3536 perfecta
835 3450 958 3532 tigura3

94 3590 147 3637 cro
174 3586 216 3632 ne
237 3571 272 3629 tu
295 3565 377 3631 forte
399 3543 496 3650 putes
516 3586 624 3632 serrae
647 3566 811 3632 stridentis
833 3565 983 3630 acerbum

172 3682 336 3745 horrorem
360 3686 506 3746 constare
529 3679 695 3744 elementis
717 3680 841 3745 levibus
863 3699 965 3762 aeque

175 3815 217 3860 ac
239 3814 371 3858 musaea
394 3795 496 3873 mele,
513 3815 570 3878 per
593 3794 732 3860 chordas
755 3793 897 3876 organici
920 3812 1004 3874 quae

173 3907 349 3973 mobilibus
371 3909 479 3990 digitis
503 3908 733 3994 expergefacta
754 3907 911 3988 figurant;

175 4041 240 4088 neu
263 4023 359 4087 simili
380 4028 552 4108 penetrare
573 4028 666 4107 putes
688 4019 862 4106 primordia
886 4015 989 4079 forma

178 4293 232 4340 384
250 4291 369 4340 fulminea
389 4287 402 4356 ll
423 4291 472 4338 387
493 4294 562 4338 ortus
582 4282 595 4353 ΙΙ
617 4287 667 4334 390
682 4283 773 4332 alimus
794 4277 805 4348 l}
827 4280 877 4329 396
896 4277 1008 4347 singultu
1028 4273 1041 4351 Η
1061 4276 1112 4333 403
1131 4271 1252 4330 iucundet
1264 4279 1300 4330 ts-

177 4393 236 4432 cere
257 4375 269 4448 Η
290 4380 341 4431 403
360 4375 496 4428 Nobilibus
517 4371 530 4442 il
550 4374 601 4422 414
619 4369 748 4442 penetrale
