3108 5034
681 431 710 492 11

56 615 107 662 505
134 601 166 660 et
188 615 309 679 oyonea
331 599 415 664 mele
439 599 652 680 Phoebeaque
675 599 814 664 daedala
836 602 962 668 chordis

130 710 274 776 earmina
296 713 455 778 consimili
476 714 599 778 ratione
620 731 777 796 oppressa
799 715 949 781 silerent:

132 845 270 906 namque
293 826 366 891 aliis
389 827 477 891 aliud
500 827 713 910 praestantius
735 835 938 894 exoraretur.

133 939 249 1005 cedere
270 940 347 1004 item
369 945 453 1005 retro
479 945 611 1024 possent
632 941 664 1004 in
689 941 863 1007 deteriores

132 1053 239 1116 omnia
261 1053 307 1116 010
330 1055 446 1136 partis,
464 1061 498 1119 ut
521 1055 659 1120 diximus
681 1054 715 1118 in
735 1057 896 1122 melioris:

55 1187 106 1232 510
131 1167 365 1248 namque-aliis
387 1167 476 1232 aliud
499 1174 584 1232 retro
608 1189 735 1251 quoque
758 1170 891 1236 taetrius
914 1176 1001 1236 esset

25 1284 28 1290 '
131 1279 261 1344 naribus
282 1281 414 1346 auribus
436 1288 532 1362 atque
556 1283 656 1347 000110
679 1284 806 1365 orisque
829 1285 956 1366 sapori.

135 1413 218 1473 quae
241 1396 390 1474 quoniam
414 1416 476 1459 non
499 1402 590 1473 sunt,
608 1396 666 1461 sed
688 1397 785 1461 rebus
805 1396 931 1462 reddita
953 1403 1040 1462 eerta

132 1505 205 1570 linis
228 1508 385 1590 utrimque
407 1515 493 1574 tenet
515 1530 689 1592 summam,
707 1511 827 1576 fateare
850 1519 1012 1577 necessest

131 1621 296 1684 materiem
320 1641 447 1704 quoque
471 1623 568 1687 finitis
591 1623 717 1690 differre
740 1624 870 1708 figuris.

54 1755 105 1802 515
120 1733 271 1856 denique
294 1735 335 1797 ab
358 1734 486 1817 ignibus
510 1737 551 1800 ad
576 1736 700 1819 gelidas
722 1739 782 1804 iter
804 1759 904 1820 usque
926 1741 1059 1824 pruinas

120 1805 283 1912 finitumst
305 1854 452 1930 retroque
475 1851 545 1934 pari
569 1853 692 1916 ratione
715 1859 943 1918 remensumst.

131 1961 231 2025 ambit
253 1963 336 2026 enim
360 1963 448 2026 calor
471 1985 510 2028 ae
533 1965 653 2049 frigus,
678 1965 835 2048 mediique
858 1973 986 2050 tepores

34 2162 38 2168 1
128 2075 346 2157 interutraque
369 2076 475 2141 iacent
498 2081 664 2162 explentes
687 2081 799 2144 ordine
821 2100 997 2145 summam:

131 2207 208 2270 ergo
231 2189 317 2254 linita
339 2191 460 2256 distant
480 2193 604 2257 ratione
627 2198 756 2269 ereata,

52 2325 104 2372 500
131 2303 262 2386 ancipiti
285 2305 436 2384 quoniam
459 2307 602 2384 mucroni
624 2305 782 2387 utrimque
805 2312 973 2382 notantur,

128 2416 202 2480 hino
222 2417 360 2482 flammis
381 2418 469 2483 111100
491 2419 603 2500 rigidis
625 2419 742 2484 infesta
763 2421 906 2505 pruinis.

176 2529 285 2616 [Quod
309 2532 458 2612 quoniam
483 2533 596 2611 docui,
613 2554 746 2618 pergam
769 2541 934 2600 conectere
958 2555 1024 2600 rem
1047 2555 1131 2616 quae

130 2667 171 2712 ex
194 2643 255 2710 hoe
277 2651 354 2728 apta
376 2645 472 2712 tidem
496 2647 609 2731 durat,
625 2647 802 2732 primordia
823 2669 946 2732 rerum,

129 2761 212 2825 inter
235 2783 270 2828 00
293 2764 388 2828 simili
411 2783 497 2846 quae
518 2769 591 2827 sunt
610 2760 753 2847 perfecta
773 2763 896 2846 figura,

53 2895 104 2943 525
129 2875 252 2942 infinita
273 2879 400 2943 oluere.
417 2878 534 2942 atenim
557 2876 708 2941 distantia
731 2897 802 2942 eum
825 2877 865 2942 sit

129 2988 303 3055 formarum
325 2992 433 3075 finita,
450 3011 582 3056 neeesse
605 2997 654 3057 est
676 3012 760 3073 quae
783 2992 904 3056 similes
927 2991 989 3056 sint

131 3124 203 3169 esse
224 3105 384 3184 infinitas,
401 3111 457 3170 aut
479 3126 635 3170 summam
656 3105 805 3168 materiai

133 3219 254 3284 finitam
277 3228 445 3304 constare,
461 3220 494 3284 id
516 3219 601 3300 quod
624 3237 781 3288 0000000
804 3217 960 3303 probavi]

174 3335 320 3399 Protinus
343 3333 512 3400 ostendam
534 3333 725 3417 eorpusoula
746 3331 892 3396 materiai

54 3470 104 3516 500
130 3469 170 3513 ex
192 3449 313 3513 infinito
337 3469 493 3514 summam
515 3469 620 3512 rerum
641 3466 743 3530 usque
765 3452 894 3530 tenere,

130 3562 272 3644 undique
295 3564 419 3648 protelo
442 3564 609 3647 plagarum
634 3562 839 3627 continuato.

130 3698 204 3742 nam
230 3678 314 3759 quod
337 3698 410 3742 rara
431 3678 522 3743 vides
545 3677 648 3761 magis
671 3697 742 3762 esse
765 3676 919 3742 animalia
942 3675 1124 3759 quaedam,

128 3791 363 3874 fecundamque
385 3792 489 3858 minus
512 3798 654 3856 naturam
678 3791 782 3856 oernis
805 3791 945 3875 inillis,

130 3911 164 3970 at
185 3907 319 3989 regione
341 3907 476 3988 loeoque
501 3906 565 3971 alio
588 3905 745 3988 terrisque
765 3905 896 3968 remotis

131 4091 332 4098 mm

133 4209 184 4256 512
198 4207 240 4255 sed
254 4208 393 4257 omissum.
417 4203 430 4273 ΙΙ
451 4207 503 4254 514
521 4203 626 4252 infinitis
646 4199 660 4269 ll
680 4205 730 4252 515
749 4195 921 4266 111000000οἸ1
942 4201 991 4248 517
1005 4197 1095 4247 Omnis
1114 4197 1128 4266 Η
1148 4200 1254 4249 51810-
1316 4182 1319 4186 ’

132 4303 170 4344 ter
189 4301 308 4354 utrasque
327 4291 340 4361 Η
361 4296 412 4344 520
425 4291 519 4354 Aneipi
540 4286 553 4356 ΙΙ
574 4291 623 4341 521
644 4289 697 4338 Η10
709 4288 824 4351 flsmmps
845 4283 1005 4355 111ῃί000011
1027 4287 1077 4335 529
1097 4285 1218 4336 Versibus
1239 4285 1252 4354 ll

134 4381 185 4430 5³8
203 4379 286 4444 magis
