3140 5032
277 359 341 424 214
818 347 862 413 Vl

277 531 446 610 praeterea
467 497 626 608 persaepe
649 521 741 604 niger
763 540 890 603 quoque
911 539 970 604 per
991 539 1082 586 mare
1105 520 1251 605 nimbus,

278 646 313 704 nt
333 637 414 722 picis
437 658 454 703 e
477 639 565 702 caelo
590 635 761 704 demissum
784 634 923 718 flumen,
939 635 972 698 in
995 634 1101 700 undas

279 753 328 819 sic
350 751 435 817 cadit
457 751 585 816 effertus
607 749 748 816 tenebris
770 749 883 832 procul
906 754 938 813 et
959 749 1055 812 trahit
1077 755 1178 814 atram

279 865 465 932 fulminibus
487 863 650 947 gravidam
673 869 895 946 tempestatem
917 868 1015 944 atque
1038 863 1206 946 procellis,

204 1005 256 1052 reo
279 980 408 1067 ignibus
433 999 472 1043 ac
494 977 597 1042 ventis
620 997 690 1042 cum
714 977 825 1060 primis
846 976 916 1060 ipse
938 977 1100 1061 repletus,
1193 1007 1198 1016 ·

278 1098 312 1160 in
335 1102 421 1159 terra
444 1113 569 1176 quoque
591 1097 627 1156 ut
648 1092 835 1157 horrescant
857 1111 896 1156 ac
919 1097 1002 1156 tecta
1024 1091 1208 1173 requirant.

281 1211 327 1276 sic
348 1209 445 1289 igitur
468 1226 586 1291 supera
609 1211 752 1270 nostrum
775 1211 870 1290 caput
892 1225 965 1270 esse
987 1205 1196 1290 putandumst

280 1328 505 1407 tempestatem
527 1322 643 1385 altam.
661 1341 766 1402 neque
789 1321 872 1384 enim
894 1319 1034 1400 caligine
1056 1325 1145 1384 tanta

283 1440 454 1503 obruerent
475 1441 599 1513 terras,
617 1436 678 1499 nisi
700 1435 907 1500 inaedificata
930 1429 1069 1520 superne

207 1575 257 1622 aes
272 1526 381 1616 ¹multa
403 1551 509 1615 forent
530 1550 640 1613 multis
663 1555 809 1631 exempto
833 1551 943 1614 nubila
965 1550 1056 1615 sole:

283 1687 342 1732 nec
364 1671 453 1730 lanto
478 1669 608 1748 possent
630 1663 796 1726 venientes
819 1664 998 1747 opprimere
1021 1663 1133 1746 imbri,

281 1779 413 1845 flumina
435 1778 602 1843 abundare
625 1783 659 1840 ut
680 1776 826 1842 facerent
848 1797 1043 1862 camposque
1067 1783 1202 1861 natare,

283 1894 398 1958 sinon
421 1891 571 1957 extructis
594 1890 677 1955 foret
699 1891 763 1956 alte
786 1891 923 1956 nubibus
948 1891 1078 1956 aether.

282 2007 333 2072 hic
355 2006 450 2088 igitur
471 2005 575 2070 ventis
599 2013 695 2086 atque
717 2005 846 2086 ignibus
869 2006 976 2069 omnia
1000 2006 1096 2088 plena

208 2143 258 2188 aro
284 2127 376 2185 sunt:
393 2119 466 2184 ideo
489 2120 610 2204 passim
633 2120 774 2185 fremitus
799 2127 830 2184 et
851 2119 979 2204 fulgura
1000 2120 1101 2184 finnt.

284 2236 403 2320 quippe
426 2235 541 2300 etenim
566 2255 664 2320 supra
687 2235 781 2300 docui
803 2235 960 2318 permulta
982 2237 1110 2319 vaporis

284 2327 408 2414 semina
429 2348 550 2415 habere
571 2370 673 2422 cavas
694 2351 816 2428 nubes,
833 2356 864 2413 et
885 2351 985 2414 multa
1007 2351 1170 2416 necessest

285 2464 452 2548 concipere
475 2483 516 2530 ex
538 2465 616 2531 solis
639 2463 738 2529 radiis
761 2465 942 2546 ardoreque
965 2483 1096 2530 eorum.

285 2579 344 2642 hoc
365 2579 420 2644 ubi
442 2585 555 2644 ventus
577 2599 634 2645 eas
656 2579 743 2644 idem
765 2580 820 2662 qui
843 2581 928 2664 cogit
948 2561 982 2643 in
1005 2601 1100 2644 unum

209 2713 259 2762 ars
284 2693 366 2758 forte
389 2694 494 2759 locum
516 2695 683 2777 quemvis,
699 2695 858 2778 expressit
881 2695 980 2760 multa
1001 2695 1132 2779 vaporis

284 2809 408 2874 semina
431 2827 529 2890 seque
552 2809 645 2874 simul
668 2830 740 2874 curu
763 2829 801 2874 eo
826 2810 1023 2874 commiscuit
1044 2810 1133 2893 igni,

283 2922 462 2988 insinuatus
483 2923 528 2987 ibi
551 2930 662 2989 vortex
684 2930 829 2989 versatur
850 2926 883 2988 in
906 2930 976 2990 arto

284 3043 316 3104 et
338 3038 450 3104 calidis
473 3040 558 3104 acuit
579 3039 700 3104 fulmen
720 3039 903 3106 fornacibus
925 3041 1031 3104 intus:

285 3173 358 3216 nam
382 3153 502 3236 duplici
524 3154 650 3220 ratione
674 3155 875 3232 accenditur,
891 3155 962 3239 ipse
985 3175 1046 3219 sua
1068 3175 1138 3219 cum

209 3287 260 3334 aso
285 3267 462 3334 mobilitate
486 3270 634 3354 calescit,
651 3275 682 3334 et
703 3290 722 3334 e
744 3269 936 3352 contagibus
957 3269 1061 3353 ignis.

283 3381 359 3446 inde
382 3384 436 3448 ubi
459 3385 614 3467 percaluit
637 3385 791 3469 gravida,
808 3389 863 3450 aut
885 3384 934 3448 vis
956 3383 1039 3465 ignis
1062 3387 1093 3448 et
1115 3401 1191 3447 acer

284 3495 423 3580 impetus
445 3498 594 3582 incessit,
612 3504 770 3562 maturum
793 3503 858 3561 tum
883 3498 976 3579 quasi
998 3497 1118 3560 fulmen

285 3609 461 3694 perscindit
482 3612 585 3677 subito
608 3612 747 3695 nubem',
764 3610 930 3692 ferturque
952 3611 1092 3674 coruscis

286 3725 394 3789 omnia
417 3725 590 3791 luminibus
612 3726 750 3790 lustrans
772 3726 846 3792 loca
867 3725 1006 3811 percitus
1027 3726 1145 3790 ardor.

214 3855 265 3905 asc
290 3857 385 3921 quem
406 3840 513 3924 gravis
534 3839 715 3923 insequitur
737 3841 878 3921 sonitus,
894 3840 1037 3926 displosa
1059 3847 1189 3926 repente

284 4022 485 4032 ——.—.

289 4141 339 4190 257
359 4142 491 4194 dimissum
509 4146 605 4196 fulmen
625 4142 638 4213 Η
659 4147 710 4196 258
728 4153 754 4195 et
772 4145 849 4196 fertus
870 4143 881 4210 Η
903 4147 953 4194 269
972 4145 1065 4209 plana.
1086 4141 1100 4214 Η
1120 4148 1170 4194 272
1189 4145 1312 4196 haecdere
1333 4146 1345 4214 Η
1365 4165 1410 4200 ne·

285 4238 382 4279 cesset.
403 4226 415 4296 Η
437 4233 486 4280 277
506 4233 575 4284 sltc.
596 4231 610 4300 Η
631 4234 680 4284 281
700 4233 785 4298 gravis
802 4233 870 4286 venti
888 4233 925 4284 vis
944 4233 1015 4298 igni.
1037 4232 1049 4300 Η
1070 4241 1095 4284 et
1113 4248 1171 4284 acer
1189 4235 1301 4284 omissa.
1323 4233 1337 4304 Η
1358 4239 1408 4288 285

287 4317 400 4380 repenati
411 4355 416 4366 .
1084 4340 1087 4348 ·
