3140 5036
685 449 735 516 Ill

147 640 207 686 nec
228 619 451 687 refert-utrum
472 627 585 706 pereat
608 621 754 705 dispersu
776 643 834 706 per
856 641 954 687 auras

71 755 122 803 545
149 756 192 800 an
215 742 380 802 eontracta
403 737 468 828 suis
492 755 510 802 5
531 735 675 821 partibus
698 737 921 822 obbruteseat,

147 851 276 933 quando
299 829 460 917 homindm
483 857 582 916 tntum
605 851 709 934 magis
732 871 771 916 ae
793 853 897 934 magis
920 852 1060 934 undique
1082 871 1197 918 sensus

147 965 254 1031 deficit
275 971 307 1030 et
329 967 415 1032 vitae
437 966 542 1030 minus
565 966 723 1030 et‘minus
746 967 888 1050 undique
910 973 1028 1032 restet.

185 1081 226 1143 Et
248 1081 400 1162 quoniam
422 1101 511 1146 mens
535 1086 583 1146 est
605 1081 742 1146 hominis
763 1101 840 1165 pars
862 1103 945 1160 una,
961 1082 1032 1146 loco
1057 1101 1139 1164 quae

145 1193 211 1258 lixa
232 1202 339 1259 manet
361 1202 466 1278 certo,
482 1196 534 1260 vel
557 1200 591 1258 ut
613 1216 708 1261 aures
730 1203 827 1277 atque
850 1197 933 1261 oculi
956 1203 1030 1261 sunt

67 1328 120 1374 550
146 1314 243 1390 atque
266 1309 322 1373 alii
344 1328 458 1375 sensus
481 1310 535 1391 qui
557 1309 662 1374 vitam·
678 1331 813 1392 cumque
836 1312 1037 1394 gubernant,

148 1429 180 1486 et
201 1424 252 1488 vel
275 1425 320 1487 uti
343 1445 456 1488 manus
479 1430 535 1488 eut
556 1426 667 1490 oculus
690 1443 824 1490 naresve
847 1445 991 1490 seorsum

147 1543 270 1602 secreta
292 1540 333 1602 ab
356 1539 448 1603 nobis
470 1546 632 1622 nequeunt
654 1539 772 1604 sentire
793 1558 898 1622 neque
920 1558 1012 1622 esse,

145 1651 203 1716 sed
225 1658 330 1716 tamen
352 1652 391 1716 in'
407 1673 508 1737 parvo
531 1655 690 1719 lincuntur
711 1661 853 1738 tempore
875 1654 961 1738 tabi,

144 1765 191 1830 sie
213 1766 338 1832 animus
360 1787 417 1850 per
439 1788 475 1832 se
497 1791 561 1835 non
585 1770 652 1852 quit
674 1768 744 1833 sine
767 1789 900 1852 corpore
924 1768 1047 1852 etipse

68 1898 119 1946 555
143 1899 217 1945 5555
240 1880 387 1966 homine,
404 1882 492 1948 illius
515 1884 608 1966 quasi
632 1884 718 1966 quud
741 1904 799 1948 vas
823 1903 892 1948 5555
919 1882 1062 1968 videtur,

144 1987 212 2060 sive
235 1996 325 2060 aliud
348 1997 495 2078 quidvis
517 1999 623 2082 potius
647 1999 844 2063 coniunctius
868 1987 897 2063 ei

142 2108 284 2195 fingere,
302 2111 561 2194 quandoquidem
585 2133 709 2178 conexu
733 2134 848 2197 corpus
871 2111 1026 2177 adhaeret

144 2223 304 2308 denique,
321 2226 464 2309 eorporis
488 2233 585 2309 atque
608 2227 705 2291 animi
727 2228 836 2293 vivata
858 2233 1003 2311 potestas

143 2339 225 2404 inter
246 2359 281 2405 55
304 2340 474 2406 coniuncta
495 2342 602 2406 valent
624 2341 753 2424 vitaque
776 2341 943 2406 fruuntur:

65 2474 118 2520 560
143 2472 203 2518 nec
225 2453 296 2518 sine
320 2474 452 2538 corpore
474 2456 559 2520 enirn
580 2456 687 2522 vitalis
710 2457 934 2522 ederemus

144 2568 214 2633 sola
236 2574 340 2654 potest
363 2569 460 2633 animi
482 2589 540 2654 per
563 2589 599 2635 55
622 2578 738 2635 natura
761 2591 820 2636 nec
844 2577 950 2636 autem

143 2703 270 2748 cussum
293 2684 402 2748 anima
426 2703 541 2769 corpus
564 2683 680 2750 durare
702 2692 734 2750 et
756 2687 905 2750 sensibus
927 2685 994 2748 uti.

143 2797 286 2877 seilicet,
303 2800 434 2864 avolsus
456 2799 618 2865 radicibus
641 2807 675 2864 ut
697 2801 807 2882 nequit
828 2802 927 2866 ullam

142 2911 301 2995 dispicere
322 2913 392 2997 ipse
414 2916 524 2980 oculus
547 2935 615 2980 rem
637 2935 782 2982 seorsum
805 2935 938 2999 corpore
960 2921 1047 2998 toto,

67 3045 118 3092 555
144 3025 190 3089 sic
212 3027 321 3092 anima
344 3035 441 3110 atque
464 3030 587 3095 animus
610 3051 726 3114 perse
749 3031 795 3094 nil
816 3050 913 3114 posse
935 3030 1079 3094 videtur.

143 3140 175 3203 ni
198 3141 332 3220 mirum,
349 3143 426 3222 quia
447 3163 506 3226 per
527 3163 629 3208 venas
654 3148 686 3208 et
706 3144 832 3208 viscera
853 3145 996 3227 mixtim,

142 3275 200 3337 per
221 3275 336 3321 nervos
359 3263 456 3338 atque
479 3277 576 3341 5555,
592 3262 738 3322 tenentur
761 3277 895 3342 corpore
918 3260 960 3323 ab
984 3259 1069 3322 cumi

142 3387 202 3432 nce
225 3371 349 3452 magnis
372 3371 550 3436 intervallis
574 3371 749 3456 primordia
771 3381 906 3456 possunt

43 3481 49 3504 ¹
143 3480 245 3546 libera
268 3484 458 3571 dissultare,
474 3487 548 3551 idco
573 3487 723 3551 conclusa
746 3496 911 3552 moventur

67 3611 119 3657 555
144 3596 317 3662 sensiferos
339 3607 461 3685 motus,
479 3621 559 3683 quos
582 3607 671 3667 extra
695 3623 810 3686 corpus
827 3603 867 3667 in
889 3623 986 3668 auras

144 3709 228 3775 ee'ris
251 3711 331 3776 lraut
353 3721 485 3796 possunt
506 3723 579 3799 post
600 3724 734 3783 mortem
757 3721 859 3784 eiecta
881 3718 1001 3783 moveri

142 3831 314 3907 propterca
336 3828 412 3908 quia
434 3849 498 3893 non
521 3830 616 3894 simili
638 3831 761 3897 ratione
784 3839 953 3897 tenentur:

142 3955 259 4022 eorpus
282 3941 367 4005 enim
390 3950 488 4023 atque
511 3944 658 4008 animans
681 3945 740 4008 erit
763 3951 837 4022 565,
855 3946 881 4009 si
904 3945 1053 4010 cohibere

147 4239 197 4288 544
216 4241 327 4305 disperse
358 4241 369 4312 Η
399 4245 449 4293 545
470 4242 630 4292 obrutescut.
656 4239 669 4309 Η
700 4245 749 4292 551
769 4251 844 4304 etque
869 4242 882 4311 Η
908 4243 958 4293 553
978 4245 1109 4308 linguntur
1133 4243 1146 4312 Η
1171 4245 1233 4294 teli.
1255 4242 1268 4312 Η

147 4327 197 4375 555
217 4327 347 4378 hominem
367 4330 380 4398 Η
400 4347 470 4380 55555
495 4331 507 4398 Η
534 4333 585 4380 564
604 4331 693 4380 oculus
712 4331 765 4395 ipse
790 4328 803 4400 Η
827 4335 877 4381 666
897 4349 942 4396 per
960 4336 1099 4386 omissum.
1123 4333 1134 4401 Η
1160 4334 1234 4384 mixti
1255 4333 1267 4402 Η

149 4415 197 4462 571
220 4430 337 4466 movere.
358 4414 371 4487 Η
392 4421 442 4467 573
463 4419 574 4468 animem
592 4419 652 4469 serit

1046 4524 1063 4590 Ἰ
