3140 5032
711 365 739 430 V

162 541 249 599 terra
272 535 366 610 sit‚e
388 541 473 599 terra
496 535 646 617 qnoniam
670 543 743 600 suut
765 543 879 602 cuncta
901 546 1030 604 creata.

162 647 326 729 multaque
349 669 433 713 nunc
456 649 549 714 etiam
573 650 711 714 existunt
732 651 885 715 animalia
906 654 1018 730 terris,

162 761 315 826 imbribus
338 768 370 826 et
392 761 499 828 calido
523 762 601 827 solis
624 770 771 830 concreta
793 785 932 848 vapore3

164 895 226 956 quo
249 875 353 939 minus
375 882 424 940 est
447 876 579 960 mirum,
597 877 624 974 si
647 884 712 941 tum
735 885 809 943 sunt
830 880 923 963 plura
945 888 1055 945 coorta

86 1007 137 1053 800
164 993 195 1052 et
215 989 358 1066 maiora,
374 1009 458 1054 nova
480 990 595 1054 tellure
618 997 714 1072 atque
737 993 864 1057 aethere
887 994 1019 1058 adulta.

162 1101 317 1185 principio
341 1121 443 1183 genus
466 1103 600 1167 alituum
623 1105 796 1186 variaeque
818 1105 964 1172 volucres

162 1235 224 1280 ova
245 1216 469 1298 relinquebant
491 1218 640 1282 exclusae
663 1225 807 1303 tempere
828 1239 948 1298 verno,

159 1328 318 1394 folliculos
341 1337 376 1393 ut
399 1351 484 1396 nunc
505 1331 615 1396 teretis
638 1337 760 1396 aestate
784 1333 918 1398 cicadae
1012 1411 1016 1418 ¹

160 1442 281 1507 lincunt
303 1451 416 1526 sponte
439 1463 498 1509 sua
518 1444 636 1509 victum
658 1446 819 1528 vitamque
841 1453 1005 1531 petentes.

82 1578 133 1624 800
160 1562 226 1620 tum
248 1556 305 1620 tibi
328 1565 413 1622 terra
436 1557 525 1622 dedit
546 1559 665 1642 passim
689 1561 835 1626 mortalia
857 1562 984 1626 saecla.

159 1671 275 1734 multus
297 1671 381 1735 enim
404 1671 494 1736 calor
516 1678 612 1752 atque
635 1693 726 1737 umor
748 1676 922 1758 superabat
943 1676 977 1739 in
1000 1677 1106 1740 arvis:

158 1784 221 1882 bec
242 1785 298 1850 ubi
321 1805 468 1867 quaeque
491 1787 553 1851 lcci
575 1789 665 1871 regie
689 1795 867 1872 opportuna
891 1788 1049 1867 dabatur,

157 1899 345 1964 crescebant
365 1900 446 1964 uteri
468 1906 587 1964 terram
609 1901 771 1967 radicibus
794 1895 905 1986 80οἰ;Δ

159 2033 239 2095 quos
261 2013 316 2076 ubi
338 2020 483 2096 tempore
505 2021 628 2078 mature
650 2021 727 2098 pate
749 2015 870 2080 fecerat
892 2024 998 2081 aestus

79 2149 132 2194 810
158 2127 311 2191 infantum
325 2178 333 2205 ‚
348 2126 477 2208 fugiens
499 2145 643 2190 umorem
665 2147 826 2208 aurasque
849 2135 1036 2212 petessens,

156 2241 364 2306 convertebat
385 2240 429 2304 ibi
452 2246 566 2304 natura
588 2240 747 2304 foramina
769 2247 874 2306 terrae

156 2362 188 2421 00
210 2376 317 2421 sucum
341 2358 432 2422 venis
454 2354 592 2435 cogebat
613 2353 746 2419 fundere
769 2355 890 2438 apertis

157 2471 354 2537 consimilem
377 2471 490 2547 lactis,
506 2469 588 2534 sicut
608 2489 693 2534 nunc
716 2467 837 2534 femina
860 2489 1009 2553 quaeque

156 2605 227 2650 cum
249 2587 392 2671 peperit,
409 2585 493 2650 dulci
516 2584 654 2667 repletur
676 2583 781 2660 lacte,
797 2583 882 2664 quod
906 2586 1009 2650 omnis

79 2721 130 2767 815
155 2699 290 2783 impetus
312 2701 345 2764 in
368 2719 525 2764 mammas
548 2697 742 2763 convertitur
763 2697 820 2762 ille
843 2698 1006 2764 alimenti.

155 2820 242 2880 terra
264 2814 369 2879 cibum
391 2815 518 2898 pueris,
534 2819 656 2878 vestem
679 2833 801 2897 vapor,
816 2811 919 2878 herba
941 2814 1046 2878 cubile

153 2930 330 3013 praebebat
352 2929 451 2992 multa
474 2935 507 2994 00
527 2927 616 2992 molli
639 2926 794 3009 lanugine
817 2928 1006 2993 abundans.

154 3049 189 3106 at
210 3043 336 3109 novitas
358 3042 468 3106 mundi
490 3061 552 3106 nec
573 3039 695 3122 frigora
717 3039 799 3103 dura
822 3040 925 3106 ciebat

154 3176 214 3222 nec
235 3156 352 3221 nimios
374 3162 480 3221 aestus
501 3175 562 3220 nec
583 3153 711 3235 magnis
733 3153 853 3218 viribus
876 3174 994 3219 auras.

80 3292 131 3338 820
154 3271 262 3356 emnia
284 3270 369 3336 enim
391 3269 512 3354 pariter
535 3273 679 3334 crescunt
700 3273 731 3332 et
752 3267 869 3332 robora
892 3273 1037 3332 sumunt.

193 3384 300 3462 Quare
324 3384 420 3448 etiam
444 3390 540 3464 atque
562 3381 657 3446 etiam
681 3387 858 3447 maternum
881 3401 997 3446 nomen
1019 3381 1139 3468 adepta

153 3505 238 3563 terra
261 3502 347 3561 tenet
369 3483 501 3580 merito,
518 3496 668 3578 quoniam
690 3515 792 3580 genus
815 3495 886 3580 ipsa
908 3496 1029 3562 creavit

154 3611 327 3676 humanum
350 3617 446 3692 atque
467 3589 588 3676 animal
609 3629 711 3695 prcpe
735 3615 820 3676 certo
843 3616 988 3695 tempore
1011 3608 1093 3675 fudit

154 3745 246 3790 omne
261 3777 268 3802 ,
286 3724 372 3808 quod
394 3725 427 3790 in
449 3725 576 3806 magnis
599 3724 773 3790 bacchatur
794 3724 946 3790 montibu’
969 3725 1110 3809 passim,

76 3862 127 3909 825
153 3839 320 3922 aeriasque
343 3839 436 3904 simul
456 3839 603 3903 volucres
625 3837 813 3902 variantibu'
836 3836 967 3902 formis.

152 3952 211 4020 sed
233 3954 308 4035 qnia
329 3952 425 4018 finem
448 3951 588 4032 aliquam
610 3939 756 4034 pariendi
778 3949 874 4014 debet
895 3948 1037 4031 habere,

158 4229 206 4277 799
226 4236 265 4276 tus
285 4229 298 4293 Η
324 4229 376 4276 800
393 4226 490 4275 maiore
510 4221 523 4291 ll
548 4225 598 4274 802
617 4221 776 4286 reliquabant
797 4217 809 4288 ΙΙ
835 4221 885 4270 805
904 4218 1013 4284 primum
1034 4218 1046 4290 d
1071 4221 1121 4272 809
1141 4227 1237 4274 aestas.
1259 4216 1273 4291 d

156 4317 207 4367 812
227 4313 261 4364 Ut
281 4310 294 4384 ll
314 4316 364 4364 823
384 4313 471 4368 anima
490 4309 503 4383 l)
524 4313 575 4362 824
593 4310 681 4379 magni
701 4304 714 4382 ΙΙ
735 4311 785 4358 825
805 4307 948 4375 Aeriaeque
