3108 5034
684 429 716 493 Π

134 617 241 663 nonne
263 596 354 662 vides
378 599 473 662 etiam
496 596 667 679 patefactis
689 603 834 680 tempore
855 604 972 680 puncto

126 711 315 775 carceribus
337 731 402 774 non
425 729 520 793 posse
542 717 651 773 tamen
673 728 880 792 prorumpere
903 730 1057 791 eqnomm

5 817 7 850 ²
57 841 110 888 ass
135 823 197 888 vim
222 823 371 907 cupidam
394 829 459 886 tam
482 823 650 887 desubito
674 843 770 904 quam
793 842 881 888 mens
903 831 976 889 avet
997 825 1095 908 ipsa?

5 941 12 1032 ζ
135 938 240 1001 omnis
263 938 368 1015 enim,
383 943 484 1002 totum
506 957 564 1020 per
587 957 721 1020 corpus,
738 936 886 1001 materiai

5 1030 17 1084 ¹¹
137 1050 232 1134 copia
254 1052 372 1116 conciri
395 1034 511 1135 debet,
527 1033 651 1116 concita
673 1069 730 1133 per
752 1059 839 1115 artus
926 1123 932 1134 Ι

5 1137 11 1260 ζ
136 1164 238 1230 omnis
262 1173 296 1228 ut
318 1164 455 1229 studium
478 1164 593 1228 mentis
617 1165 731 1228 conixa
753 1171 923 1248 sequatur;
992 1147 997 1154 ¹

134 1283 169 1341 ut
190 1278 300 1344 videas
322 1279 431 1343 initum
455 1285 559 1342 motus
582 1299 602 1342 a
625 1279 720 1344 corde
744 1279 867 1363 creari,

5 1379 17 1474 J
60 1409 113 1455 aro
138 1393 361 1474 exanimique
384 1394 548 1458 voluntate
569 1392 603 1456 id
626 1393 801 1477 procedere
824 1394 980 1479 primum,

137 1502 212 1568 inde
235 1505 305 1570 dari
325 1528 421 1590 porro
444 1528 501 1591 per
521 1515 620 1572 totum
645 1527 761 1592 corpus
784 1518 815 1573 et
837 1517 944 1574 artus.

135 1636 195 1681 nec
218 1615 352 1684 similest
373 1625 407 1684 ut
430 1641 501 1686 cum
522 1621 653 1706 impulsi
676 1607 878 1706 procedimus
900 1624 983 1708 ictu,

134 1730 255 1796 viribus
277 1733 408 1799 alterius
430 1739 554 1821 magnis
578 1758 758 1819 magnoque
779 1745 913 1830 coactu:

5 1865 7 1968 q
135 1865 208 1908 nam
231 1853 296 1910 tum
319 1853 482 1915 materiem
505 1853 603 1916 totius
625 1853 767 1934 corporis
791 1871 916 1917 ornnem

5 1971 10 2058 t
55 1978 110 2026 aaa
136 1961 369 2045 perspicuumst
388 1966 484 2054 nobis
507 1966 615 2030 invitis
637 1966 684 2030 ire
706 1967 862 2050 rapique,

5 2071 7 2162 i
136 2075 239 2140 donec
262 2095 333 2140 eam
355 2078 526 2143 refrenavit
548 2083 606 2161 per
627 2081 770 2144 membra
792 2081 963 2146 voluntas.

5 2171 7 2282 ᾗ
136 2186 241 2254 iamne
263 2191 355 2256 vides
376 2193 492 2275 igitur,
509 2211 701 2273 quamquam
725 2195 773 2258 vis
795 2200 907 2258 extera
930 2196 1045 2260 multos

5 2325 12 2418 q
136 2303 235 2385 pellat
257 2311 289 2369 et
309 2305 427 2371 invitos
450 2312 545 2386 cogat
566 2305 742 2388 procedere
765 2326 864 2390 saepe

6 2539 8 2594 Ι

6 2597 8 2634 Ι

6 2721 8 2754 Ι

139 2419 394 2502 praecipitesque
417 2420 505 2504 rapi,
522 2427 631 2484 tamen
654 2439 725 2485 esse
748 2421 782 2484 in
803 2427 930 2505 pectore
952 2427 1061 2486 nostro

58 2551 112 2598 neo
139 2531 289 2613 quiddam
314 2535 400 2616 quod
424 2543 534 2599 contra
555 2553 702 2618 pugnare
724 2535 914 2616 obstareque
941 2536 1067 2617 possit?

139 2645 227 2711 cuius
250 2645 294 2709 ad
316 2648 480 2711 arbitrium
504 2667 632 2730 quoque
655 2647 747 2730 copia
771 2649 913 2712 materiai

139 2759 265 2841 cogitur
285 2760 369 2825 inter
391 2763 465 2826 dum
487 2761 570 2826 flecti
594 2781 651 2846 per
674 2763 815 2826 membra
837 2781 894 2846 per
916 2768 1023 2841 artus,

6 2949 8 2962 Ι
140 2880 172 2938 ct
194 2873 338 2958 proiecta
359 2877 538 2940 retienatur
561 2886 708 2958 retroque
732 2877 861 2941 residit.

7 3009 9 3124 Η
139 3007 237 3070 quare
259 2991 292 3052 in
315 2991 489 3055 seminibus
512 3009 638 3072 quoque
661 2991 746 3054 idem
768 2992 888 3055 fateare
910 2998 1095 3070 necessest,

59 3123 112 3170 285
140 3121 213 3168 esse
235 3103 331 3167 eliam
354 3110 479 3187 practer
501 3105 619 3187 plagas
642 3111 673 3168 et
695 3104 838 3186 pondera
860 3124 990 3168 causam

140 3216 298 3301 motibus,
315 3218 400 3282 unde
424 3218 503 3281 haec
526 3227 574 3281 est
598 3217 689 3282 nobis
711 3218 824 3280 innata
847 3224 1008 3300 potestas3

139 3329 180 3394 de
202 3331 268 3396 nilo
293 3333 441 3412 quoniam
466 3331 534 3397 fieri
557 3332 601 3394 nil
623 3351 720 3416 posse
741 3331 905 3396 videmus,

139 3444 265 3526 pondus
289 3445 374 3510 enim
395 3446 542 3529 prohibet
565 3464 604 3509 ne
626 3445 732 3530 plagis
756 3447 864 3510 omnia
886 3445 963 3509 fiant

142 3563 278 3623 externa
301 3561 391 3642 quasi
414 3561 465 3625 vi:
482 3561 540 3626 sed
564 3579 604 3625 ne
626 3580 716 3625 mens
738 3561 810 3643 ipsa
830 3579 999 3625 necessum
1043 3575 1047 3580 ·

8 3689 9 3698 ¹
63 3691 114 3738 aco
140 3673 324 3737 intestinum
346 3673 463 3738 habeat
484 3675 603 3738 cunctis
625 3675 658 3738 in
680 3676 776 3740 rebus
797 3675 932 3758 agendis

8 3787 13 3814 '
141 3794 175 3850 et
197 3787 322 3852 devicte
344 3789 434 3870 quasi
458 3788 492 3852 id
516 3795 648 3871 cogatur
674 3789 758 3854 ferre
780 3791 931 3872 patique,

7 3387 10 3474 r

142 3965 344 3977 *Ἀ*-

146 4088 199 4134 264
216 4101 339 4147 quorum.
360 4086 372 4156 Η
394 4091 444 4137 266
464 4088 602 4137 materiae.
624 4084 636 4154 Η
657 4090 707 4136 268
726 4101 825 4136 conexa
845 4084 858 4153 Η
879 4089 928 4135 275
948 4087 1113 4149 Perspicuum
1135 4090 1233 4139 nobisst
1252 4089 1266 4159 Η

146 4174 197 4222 278
216 4173 301 4223 Pallet
320 4171 333 4242 Η
347 4177 404 4224 λ279
423 4175 490 4238 rapit
510 4173 523 4240 Η
543 4175 638 4223 iectorc
651 4189 701 4221 no.
723 4169 736 4240 Η
757 4175 804 4220 281
827 4172 982 4240 cona11283
1002 4173 1111 4224 residia.
1132 4174 1145 4244 Η
1166 4179 1215 4226 289
1235 4192 1267 4226 ne

145 4273 185 4316 res
205 4257 218 4328 Η
240 4262 289 4310 291
310 4262 385 4323 quaet
405 4269 512 4324 cogatur

1044 4362 1066 4427 4
