3140 5036
290 392 350 456 124
817 385 874 449 IllI

325 561 418 624 Nunc
440 577 521 643 age,
538 578 593 622 cur
615 558 699 622 ultra
721 557 886 642 speculum
908 558 1053 623 videatur
1075 558 1182 644 imago

213 694 263 739 aro
288 673 437 757 percipe:
454 692 529 736 nam
553 677 636 736 certe
658 671 784 755 penitus
807 680 931 738 semota
953 673 1077 737 videtur

212 808 262 854 aco
286 787 350 851 illis
373 805 456 868 quae
479 785 615 852 reddunt
636 787 835 868 speculorum
859 807 900 852 111
923 807 1063 869 aequore
1085 789 1206 854 visum.

212 922 259 966 111
288 901 374 983 quod
395 921 499 985 genus
521 900 599 976 illa,
618 899 695 965 loris
718 921 800 982 quae
823 907 915 978 eunt,
932 901 1015 966 bene
1037 903 1306 987 conspiciuntur,

180 1067 188 1084 .
289 1015 388 1080 ianua
410 1036 481 1080 cum
503 1035 560 1098 per·
583 1033 617 1079 se
640 1020 854 1098 transpectum
876 1017 1010 1099 praebet
1032 1020 1197 1098 apertum,

289 1129 389 1194 multa
412 1129 551 1210 facitque
575 1128 651 1192 foris
675 1149 713 1192 ex
737 1129 869 1194 aedibus
893 1136 927 1194 ut
949 1129 1136 1216 videantur:

291 1244 319 1308 is
342 1263 470 1326 quoque
493 1243 576 1308 enim
600 1242 717 1326 duplici
740 1244 930 1327 geminoque
953 1243 1082 1308 1111111
1105 1243 1212 1308 visus.

212 1377 262 1423 arc
287 1358 407 1440 primus
430 1358 514 1423 euim
537 1358 615 1421 citra
637 1363 745 1440 poetes
761 1365 826 1421 turn
849 1359 984 1423 cernitur
1006 1364 1079 1440 adr,

287 1471 361 1537 inde
384 1443 472 1538 fords
495 1471 586 1555 ipsae
609 1470 721 1534 dextra
744 1472 900 1553 laevaque
923 1478 1089 1556 secuntur,

286 1593 359 1669 post
381 1585 521 1650 extraria
542 1585 596 1647 lux
619 1585 728 1650 oculos
751 1592 911 1669 perterget
934 1592 966 1650 et
987 1594 1042 1651 a'e'r

287 1700 389 1774 alter,
406 1706 436 1763 et
454 1699 530 1778 illa,
548 1697 626 1762 foris
649 1719 732 1780 quae
755 1705 847 1783 sunt,
864 1699 944 1763 bene
966 1699 1233 1784 transpiciuntur.

285 1814 406 1877 sicubi
431 1833 466 1878 se
488 1813 624 1896 primurn
648 1813 769 1897 speculi
791 1813 924 1897 proiecit
945 1814 1075 1898 imago,

211 1948 261 1994 aso
288 1927 362 1991 dum
384 1929 471 1993 venit
492 1928 535 1992 ad
559 1932 683 1992 nostras
707 1927 812 2011 acies,
829 1927 986 2012 protrudit
1008 1928 1137 2010 agitque

286 2049 362 2106 aera
385 2043 437 2123 qui
460 2042 542 2106 inter
565 2061 600 2106 se
623 2048 787 2123 cumquest
811 2043 983 2125 oculosque
1006 2043 1148 2126 locatus,

286 2162 318 2220 ct
339 2157 416 2222 lacit
437 2163 471 2220 ut
491 2157 579 2240 prius
601 2155 685 2222 hunc
709 2176 834 2222 omnem
858 2157 975 2223 sentire
998 2176 1153 2240 queamus

286 2291 381 2351 quarn
404 2271 586 2356 speculum:
603 2272 660 2336 sed
683 2271 736 2335 ubi
759 2273 925 2356 speculum
947 2291 1073 2353 quoque
1096 2271 1253 2336 sensimus
1275 2272 1401 2356 ipsum,

285 2386 433 2450 continuo
457 2406 478 2449 a
499 2385 593 2450 nobis
615 2386 729 2450 iterum
753 2405 836 2467 quae
860 2385 957 2450 fertur
979 2387 1086 2469 imago

208 2518 258 2565 aas
284 2499 446 2581 pervenit,
464 2505 495 2563 et
518 2507 642 2565 nostros
666 2501 775 2565 oculos
797 2501 916 2565 reiecta
939 2499 1067 2577 revisit,

285 2619 381 2694 atque
404 2613 502 2678 aliurn
525 2634 604 2697 prae
626 2635 660 2680 se
684 2616 868 2700 propellens
891 2613 1105 2698 1111101111,

287 2733 317 2790 11
339 2728 416 2794 11111
438 2734 472 2792 ut
493 2729 582 2812 prius
605 2731 688 2794 hunc
712 2751 808 2811 quam
832 2750 866 2795 11
889 2730 1073 2811 videamus,
1090 2747 1193 2810 ecque

285 2842 404 2908 distare
428 2844 468 2907 ab
491 2846 620 2928 speculo
643 2850 765 2909 tantum
788 2850 912 2910 semota
933 2843 1078 2908 videtur.

286 2977 384 3038 quare
407 2959 500 3024 ctiam
525 2965 621 3042 atque
645 2959 742 3024 ctiam
766 2959 894 3023 minime
917 2957 1061 3022 mirarier
1084 2963 1133 3022 est
1154 2978 1235 3042 par,

210 3091 258 3137 ror
286 3071 413 3137 aeribus
435 3074 518 3140 binis
541 3073 690 3156 quoniam
712 3093 763 3139 ree
787 3074 883 3140 confit
904 3079 1059 3154 utraque.

285 3206 369 3251 nunc
393 3205 432 3250 ca
455 3205 536 3267 quac
559 3189 652 3254 nobis
674 3190 886 3255 membrorum
909 3187 1044 3254 dextera
1066 3208 1141 3272 pars
1164 3194 1233 3272 est,

283 3301 316 3364 in
337 3301 476 3385 speculis
500 3301 533 3365 fit
555 3308 588 3365 ut
610 3303 642 3366 in
665 3304 759 3368 laeva
782 3304 925 3368 rideatur
949 3322 986 3367 co
1010 3301 1096 3382 quod

283 3415 450 3498 planitiem
473 3415 514 3480 ad
537 3416 657 3498 speculi
680 3417 812 3482 veniens
836 3437 907 3482 oum
931 3415 1065 3480 offendit
1085 3416 1212 3500 imago,

209 3549 258 3596 acc
285 3548 350 3592 non
372 3529 563 3592 convertitur
584 3529 773 3613 incolumis,
791 3531 847 3596 sed
870 3535 957 3595 recta
980 3535 1149 3594 retrorsum

268 3643 331 3710 asic
354 3640 501 3718 eliditur,
518 3649 551 3706 ut
573 3643 692 3727 siquis,
707 3644 795 3728 prius
818 3644 911 3710 arida
933 3665 1027 3725 quam
1051 3645 1091 3709 111

283 3764 391 3823 cretea
412 3775 570 3841 persona,
588 3758 712 3822 adlidat
733 3759 861 3843 pilaeve
884 3760 1026 3842 trabive,

284 3879 381 3954 atque
404 3892 444 3936 ca
467 3871 615 3937 continuo
639 3880 759 3939 rectam
782 3874 809 3940 si
832 3873 936 3939 fronte
958 3872 1095 3954 figuram

208 4009 257 4056 aaa
283 3993 389 4054 servet
411 3993 442 4052 ct
463 3987 575 4053 elisam
599 3994 682 4054 retro
705 4008 776 4056 1111
800 3989 959 4074 exprimat
980 3987 1071 4071 ipsa.

287 4265 338 4312 270
357 4271 454 4313 remota
478 4260 491 4332 ll
518 4266 567 4312 271
588 4279 712 4327 querere
736 4266 749 4333 ll
776 4268 824 4315 277
844 4273 957 4330 perleget
984 4262 997 4334 ll
1028 4267 1078 4316 278
1098 4278 1221 4327 querere
1246 4261 1258 4332 Η
1285 4266 1336 4316 283
1355 4264 1406 4316 ins·

285 4351 401 4414 peculum
422 4347 436 4418 Η
456 4353 507 4400 284
526 4351 553 4399 in
571 4365 629 4400 eum
649 4348 663 4418 ll
683 4354 733 4400 323
753 4351 826 4400 lisam
