3108 5034
707 421 741 484 II

159 611 218 656 nac
239 591 337 656 refert
359 612 399 657 ea
422 611 503 674 quae
525 598 640 674 tangas
664 611 725 672 quo
749 590 830 655 forte
854 591 960 655 colore
1016 567 1019 572 ⁸

74 717 76 722 '
158 706 306 790 praedita
328 707 410 784 sint,
426 725 536 770 verum
560 705 647 786 quali
670 704 771 784 magis
794 709 871 787 apta
893 704 1014 789 figura,

83 841 134 888 815
161 821 242 886 scire
264 821 338 885 licet
361 820 405 883 nil
426 819 590 904 principiis
609 839 689 903 opus
711 838 782 882 esse
805 819 948 894 colores,

160 935 218 1000 sed
240 934 339 999 variis
361 933 472 998 formis
494 935 656 998 variantes
680 931 776 996 edere
798 937 920 996 tactus.

199 1049 372 1113 Praeterea
394 1048 543 1129 quoniam
566 1067 629 1110 non
653 1047 746 1111 certis
770 1052 856 1110 certa
878 1046 986 1128 figuris

161 1167 208 1226 est
229 1169 345 1226 natura
368 1161 484 1226 eoloris
508 1166 539 1225 et
561 1161 668 1225 omnia
690 1161 917 1244 principiorum

160 1277 373 1342 formamenta
396 1281 515 1357 queunt
536 1275 569 1338 in
593 1276 705 1356 quovis
728 1294 799 1340 esse
821 1275 945 1351 nitore,

86 1412 137 1458 820
163 1411 217 1455 cur
240 1409 280 1454 ea
303 1409 385 1472 quae
409 1395 556 1454 constant
578 1389 703 1454 exiliis
727 1389 932 1472 nonpariter
954 1396 1028 1453 sunt

163 1525 256 1570 omne
277 1518 381 1589 genus
403 1504 533 1587 perfusa
556 1504 715 1568 coloribus
738 1505 771 1568 in
793 1523 911 1585 genere
934 1504 1048 1569 omni?

160 1619 370 1684 conveniebat
392 1619 476 1683 enim
499 1639 612 1683 corvos
637 1639 764 1702 quoque
788 1639 886 1704 saepe
909 1620 1046 1684 volantis

160 1752 201 1798 ex
223 1734 305 1799 albis
328 1734 436 1798 album
459 1733 565 1816 pinnis
587 1733 706 1800 iactare
730 1735 890 1812 colorem,

106 1867 108 1870 ·
162 1854 194 1914 et
215 1825 325 1933 nigros
347 1848 416 1913 fieri
438 1849 529 1932 nigro
552 1847 593 1912 de
615 1851 735 1914 semine
758 1871 876 1934 cycnos

84 1983 135 2030 825
162 1969 218 2027 aut
240 1963 302 2028 alio
327 1962 439 2044 quovis
461 1983 524 2028 uno
548 1963 704 2045 varioque
728 1965 854 2030 colore.

155 2069 157 2073 ’
206 2077 408 2156 Quinetiam
432 2085 550 2159 quanto
574 2079 607 2141 in
628 2084 737 2162 partes
755 2099 812 2143 res
836 2098 981 2160 quaeque
1004 2053 1143 2142 minutas

162 2193 344 2257 distrahitur
365 2193 486 2275 magis,
503 2191 565 2255 hoc
586 2195 690 2271 magis
714 2198 761 2256 est
783 2199 817 2254 ut
839 2212 967 2256 cernere
990 2194 1096 2274 possis

163 2325 355 2372 evanescere
377 2305 532 2388 paulatim
555 2305 737 2388 stinguique
760 2305 918 2383 colorem;

141 2449 143 2452 ·
162 2425 196 2482 ut
217 2419 253 2483 fir
274 2421 328 2486 ubi
350 2423 383 2484 in
404 2441 522 2503 parvas
544 2420 644 2504 partis
667 2419 855 2503 discerpitur
879 2441 975 2484 aurea

84 2556 138 2602 830
163 2555 323 2619 purpura,
340 2534 574 2619 poeniceusque
598 2536 685 2599 color
709 2535 895 2606 clarissimu’
917 2537 1036 2612 multo,

160 2647 271 2710 filatim
295 2668 366 2712 cum
389 2647 542 2712 distracta
566 2653 634 2723 est,
651 2648 844 2732 dispergitur
867 2650 989 2730 omnis3

162 2767 352 2826 noscerent
374 2762 447 2826 hinc
468 2764 573 2845 possis
595 2764 683 2846 prius
707 2783 832 2826 omnem
856 2762 968 2827 efflare
991 2763 1128 2827 colorem

163 2875 360 2959 particulas,
377 2897 470 2957 quam
495 2878 662 2943 discedant
684 2879 726 2940 ad
749 2879 870 2942 semina
893 2897 1018 2942 rerum.

208 2987 373 3054 Postremo
398 2991 547 3070 quoniam
571 3011 634 3053 non
658 2991 766 3054 omnia
789 3011 923 3073 corpora
945 3010 1057 3054 vocam

85 3122 141 3168 835
164 3101 288 3167 mittere
311 3103 460 3168 concedis
483 3122 587 3184 neque
610 3103 741 3167 odorem
755 3155 762 3174 ,
778 3109 949 3186 propterea
970 3104 1005 3167 fit

166 3221 286 3280 utnon
310 3217 456 3282 omnibus
481 3216 646 3280 adtribuas
669 3217 791 3280 sonitus
816 3223 847 3280 et
869 3217 1002 3280 odores:

166 3330 213 3393 sic
236 3331 336 3396 oeulis
360 3331 514 3412 quoniam
538 3351 601 3396 non
626 3331 733 3395 omnia
755 3351 885 3395 cernere
909 3331 1054 3413 quimus,

168 3445 248 3508 sciro
267 3443 343 3509 iicet
366 3445 523 3526 quaedam
547 3451 612 3509 tarn
636 3452 782 3510 constare
805 3446 883 3511 orba
906 3445 1011 3510 colore

167 3581 265 3642 quam
287 3561 356 3624 sine
380 3557 479 3626 odore
501 3561 568 3625 uilo
592 3561 753 3642 quaedam
775 3561 944 3642 sonituque
966 3567 1110 3643 remota,
1191 3615 1199 3626 ,

85 3695 142 3742 840
168 3693 228 3738 nec
249 3675 354 3738 minus
377 3673 458 3738 haec
481 3675 620 3738 animum
645 3694 840 3756 cognoscere
860 3693 958 3758 posse
979 3695 1127 3758 sagacem

171 3808 268 3870 quam
289 3807 372 3868 quae
394 3793 468 3851 sunt
490 3789 563 3852 aliis
586 3790 682 3852 rebus
705 3789 831 3872 privata
855 3795 987 3854 notare.

208 3901 274 3968 Sed
296 3921 336 3993 ne
358 3901 441 3966 forte
464 3909 558 3986 putes
581 3902 649 3965 solo
674 3903 813 3986 spoliata
835 3903 942 3966 ociore

173 4169 225 4252 8r4
238 4212 296 4252 sunt
310 4199 325 4270 Η
339 4201 437 4266 magnis
453 4198 464 4266 d
479 4202 529 4249 815
550 4200 650 4248 colore.
672 4195 684 4266 Η
705 4197 924 4260 8210mnigenns
939 4194 951 4267 ii
967 4202 1016 4248 827
1030 4200 1079 4248 hoc
1091 4201 1172 4262 magis
1184 4199 1265 4262 magis
1280 4197 1295 4268 Η

172 4281 224 4339 '829
244 4305 351 4340 annun.
371 4285 384 4355 ΙΙ
408 4290 456 4337 831
478 4287 626 4335 distractum
644 4293 681 4334 est
700 4284 851 4348 disperditur
872 4281 884 4352 Η
906 4286 956 4334 840
975 4286 1013 4334 Ne
1034 4284 1047 4355 Η
1067 4289 1115 4335 841
1135 4295 1262 4350 notaque.
1284 4285 1288 4356 Ι

175 4378 225 4428 842
246 4377 351 4444 spoliita
515 4417 520 4422 .
1047 4413 1058 4421 ..
1285 4393 1288 4404 ·

1048 4469 1095 4546 5²1³
