3140 5036
299 426 359 492 res
843 383 888 481 V'

299 611 395 673 quare
418 588 514 654 etiam
538 587 697 671 quaedam
721 608 805 652 nunc
827 594 912 652 artes
935 588 1158 672 expoliuntur,

298 724 381 770 nune
403 703 498 768 etiam
522 708 719 786 augescunt:
735 722 820 766 nunc
843 701 955 766 addita
978 700 1117 785 navigiis
1139 707 1213 766 sunt

298 818 418 902 multa,
434 817 530 882 modo
555 815 698 898 organici
719 816 851 881 melicos
873 835 1028 900 peperere
1051 835 1205 893 sonores,

224 954 274 1002 335
299 933 436 1014 denique
457 935 572 995 natura
594 929 675 996 haec
698 951 802 994 rerum
825 930 969 1011 ratioque
992 935 1150 1014 repertast

297 1067 419 1131 nuper,
436 1051 468 1111 et
489 1045 573 1109 hanc
595 1044 716 1128 primus
739 1064 810 1108 cum
832 1043 943 1128 primis
966 1044 1035 1127 ipse
1057 1049 1221 1128 repertus·

297 1181 381 1226 nuno
404 1179 464 1244 ego
487 1180 557 1224 sum
578 1159 610 1222 in
633 1157 755 1241 patrias
778 1159 830 1239 qui
854 1155 974 1241 possim
996 1163 1119 1224 vertere
1141 1178 1258 1224 voces.

300 1274 435 1356 quodsi
458 1272 539 1337 forte
562 1272 661 1336 fuisse
685 1277 757 1337 ante
780 1271 841 1337 hac
864 1271 977 1336 eadem
1002 1273 1109 1337 omnia
1131 1272 1254 1353 credis,

298 1387 355 1455 sed
378 1387 511 1472 periisse
534 1385 696 1451 hominum
720 1385 852 1451 torrenti
875 1386 982 1452 saecla
1005 1407 1147 1473 vapore,

225 1526 275 1573 340
301 1509 358 1568 aut
379 1500 533 1567 cecidisse
554 1501 641 1565 urbis
664 1521 782 1584 magno
805 1499 972 1565 vexamine
996 1497 1146 1586 mundi,

299 1623 355 1683 aut
377 1635 416 1680 ex
439 1614 593 1678 imbribus
616 1614 759 1680 adsiduis
782 1615 888 1680 exisse
910 1633 1048 1698 rapaces

297 1751 355 1816 per
377 1736 480 1795 terras
503 1747 614 1794 amnes
637 1735 732 1809 atque
756 1728 877 1811 oppida
899 1730 1125 1814 cooperuisse,

298 1850 389 1909 tanto
413 1843 532 1925 quique
554 1843 658 1926 magis
680 1842 781 1906 victus
805 1841 928 1908 fateare
952 1853 1114 1910 necessest

299 1958 427 2023 exitium
452 1976 579 2038 quoque
602 1963 756 2021 terrarum
779 1957 926 2039 caelique
948 1957 1107 2024 futurum:

224 2094 274 2142 345
301 2093 376 2137 nam
400 2091 469 2136 oum
494 2090 545 2134 res
567 2072 665 2136 tantis
686 2070 807 2136 morbis
828 2073 990 2155 tantisque
1013 2073 1140 2157 periclis

297 2190 546 2270 temptarentur,
562 2185 607 2249 ibi
631 2185 658 2250 si
681 2185 800 2250 tristior
822 2186 1019 2252 incubuisset

301 2321 419 2384 causa,
437 2299 551 2365 darent
572 2300 639 2365 late
663 2300 788 2366 cladem
811 2321 1010 2383 magnasque
1033 2303 1161 2370 ruinas.

299 2437 358 2482 nec
381 2414 502 2481 ratione
525 2414 590 2478 alia
613 2415 763 2480 mortales
787 2436 857 2481 esse
879 2415 1044 2500 videmur,

299 2531 459 2594 internos
481 2528 543 2593 nisi
566 2529 651 2610 quod
672 2530 791 2596 morbis
815 2530 1034 2612 aegrescimus
1056 2531 1142 2597 idem

225 2668 274 2717 350
301 2653 397 2730 atque
420 2647 466 2710 illi
488 2668 567 2728 quos
590 2647 698 2742 avita
722 2652 835 2710 natura
856 2645 1010 2710 removit.

338 2763 509 2828 Praeterea
532 2781 615 2844 quae
638 2781 773 2843 cumque
797 2766 926 2824 manent
948 2761 1086 2824 aeterna'
1101 2771 1268 2829 necessust

299 2883 373 2956 aut,
391 2877 466 2959 quia
488 2883 562 2942 sunt
585 2875 688 2941 solido
712 2894 782 2938 cum
806 2893 960 2956 corpore,
976 2893 1127 2958 respuere
1149 2877 1229 2942 ictus

301 3012 360 3057 nec
383 2998 550 3076 penetrare
572 2991 639 3076 pati
662 2989 721 3055 sibi
745 2989 914 3070 quicquam
939 2988 1024 3070 quod
1048 2997 1145 3072 queat
1166 2998 1252 3058 artas

301 3107 475 3172 dissociare
497 3106 582 3171 intus
604 3105 725 3190 partis,
743 3110 779 3169 ut
797 3105 944 3169 materiai

227 3243 277 3290 355
303 3241 437 3305 corpora
460 3228 552 3298 sunt,
570 3243 703 3304 quorum
725 3226 870 3285 naturam
895 3219 1092 3285 ostendimus
1114 3228 1208 3301 ante,

296 3341 354 3424 aut
375 3335 448 3401 ideo
473 3335 590 3402 durare
614 3343 754 3402 aetatem
776 3354 872 3418 posse
894 3355 951 3418 per
974 3353 1121 3417 omnem,

300 3451 468 3535 plagamm
492 3452 569 3533 quia
591 3459 664 3516 sunt
686 3449 851 3534 expertia,
868 3449 948 3513 sicut
969 3448 1065 3512 inane
1089 3455 1157 3532 cst,

301 3565 387 3648 quod
409 3572 517 3630 manet
538 3565 692 3630 intactum
714 3585 817 3645 neque
841 3564 883 3627 ab
906 3563 969 3627 ictu
991 3561 1133 3643 fungitur
1156 3564 1275 3643 hilum,

304 3686 359 3745 aut
382 3679 475 3746 etiam
500 3679 577 3762 quia
599 3679 688 3742 nulla
710 3679 771 3744 loci
793 3678 828 3740 fit
850 3677 943 3760 copia
965 3674 1101 3759 circum,

227 3819 278 3866 330
302 3819 364 3881 quo
387 3795 477 3878 quasi
499 3813 550 3860 res
571 3793 695 3879 possint
719 3791 884 3856 discedere
908 3790 1125 3875 dissoluique,

302 3911 382 3977 sicut
404 3930 598 3976 summarum
621 3928 745 4001 summa
768 3911 816 3972 est
839 3912 989 3990 aeterna,
1006 3925 1109 3988 neque
1132 3912 1223 3973 extra

303 4027 354 4109 qui
378 4026 467 4091 locus
491 4031 538 4090 est
561 4045 623 4106 quo
647 4023 827 4100 dissiliant,
843 4041 948 4104 neque
970 4041 1105 4105 corpora
1129 4028 1202 4087 sunt
1224 4042 1306 4106 quae

301 4139 426 4226 possint
447 4139 588 4205 incidere
611 4144 642 4204 et
664 4138 772 4205 valida
794 4137 969 4204 dissolvere
990 4136 1109 4222 plaga.

306 4385 355 4435 339
375 4384 468 4450 perisse
488 4381 501 4450 ll
522 4385 572 4435 342
592 4392 619 4436 at
639 4381 652 4450 ll
672 4385 721 4434 359
741 4383 774 4434 sit
