3140 5032
689 381 732 446 VI

149 554 406 636 quandoquidem
431 555 530 620 555551
553 553 674 618 15511551
697 553 914 624 conscendere
937 571 1063 616 currum

148 675 312 734 ventosum
336 676 367 734 et
389 675 511 734 certant
532 669 720 753 plangentia
742 667 873 732 flamina
887 687 1039 748 ,rursum3

82 838 84 841 ,
152 803 232 865 quae
255 783 392 867 fuerint,
410 785 498 868 sine,
515 785 642 867 5155555
666 802 819 848 55555555
839 783 966 848 furorc.

86 920 122 966 55
193 897 307 963 Cetera
330 918 412 980 quae
434 899 502 962 fieri
525 899 558 962 in
581 899 674 964 terris
698 899 853 978 caeloque
876 901 1004 960 tuentur

148 1015 318 1096 mortales⁷
335 1013 461 1097 pavidis
485 1033 555 1078 oum
579 1013 719 1098 pendent
741 1012 891 1077 mentibu’
912 1031 1031 1095 saepe,

148 1129 228 1193 haec
250 1127 370 1192 iaciunt
392 1129 518 1192 animos
541 1128 669 1192 humilis
692 1127 860 1191 formidine
884 1127 989 1190 divom

147 1243 382 1326 depressosque
406 1249 554 1326 premunt
576 1243 617 1306 ad
640 1249 757 1306 terram
781 1247 953 1325 propterea
976 1241 1062 1323 quod

146 1357 329 1440 ignorantia
352 1377 520 1422 causarum
546 1356 692 1422 conferre
715 1358 846 1422 deorum

88 1494 123 1540 55
149 1473 235 1554 cogit
256 1471 299 1535 551
322 1471 488 1556 imperium
510 1491 561 1536 555
585 1479 616 1536 55
638 1472 813 1537 concedere
835 1491 988 1554 regnum.

89 1607 124 1654 55
150 1563 221 1650 narn
247 1587 326 1651 bene
350 1585 405 1667 qui
428 1586 567 1651 didicere
590 1589 669 1651 deos
691 1606 834 1651 securum
859 1605 955 1668 agere
978 1606 1113 1664 aevom,

147 1702 174 1765 si
197 1706 304 1764 tamen
327 1700 448 1764 interea
471 1702 626 1764 mirantur
649 1721 714 1782 qua
737 1701 861 1766 ratione

88 1837 121 1882 co
148 1835 295 1898 quaeque
318 1815 387 1900 geri
409 1815 552 1899 possint,
569 1816 753 1899 praesertim
778 1817 873 1880 rebus
895 1817 928 1880 in
950 1816 1013 1880 11115

147 1951 228 2012 quae
252 1923 366 2014 555555
389 1939 484 2014 55555
505 1929 656 1996 aetheriis
679 1931 904 1994 cernunturin
930 1931 1015 2014 oris,

145 2066 255 2110 rursus
277 2048 317 2132 15
333 2045 482 2126 antiquas
505 2045 684 2110 referuntur
705 2045 888 2130 religionis,

147 2167 178 2224 55
199 2162 346 2226 dominos
369 2160 453 2224 aeris
476 2159 678 2236 adsciscunt,
696 2161 803 2224 omnin
824 2181 920 2244 posse

146 2295 226 2358 qnos
248 2275 354 2340 miseri
377 2273 531 2347 eredunt,
547 2273 653 2356 ignari
676 2273 752 2356 quid
775 2282 871 2355 queat
894 2293 985 2357 5555,

90 2412 123 2458 55
148 2391 223 2472 quid
247 2396 408 2472 nequeat,
424 2389 513 2454 finita
535 2395 678 2474 potestas
702 2388 840 2471 denique
863 2391 978 2472 cuique

148 2525 307 2586 quanam
330 2505 371 2570 sit
394 2505 509 2569 rationi
532 2511 629 2585 atque
652 2503 715 2568 5155
738 2504 893 2569 terminus
916 2505 1073 2593 haerens3

148 2639 211 2699 quo
235 2619 336 2704 magis
359 2626 501 2684 errantes
524 2637 620 2683 caeca
643 2618 769 2682 ratione
790 2617 954 2683 feruntur.

149 2753 232 2815 quae
255 2734 316 2800 nisi
339 2734 463 2817 respuis
487 2753 526 2798 ex
549 2734 654 2797 animo
677 2734 838 2815 longeque
861 2733 1009 2798 remittis·

145 2847 195 2913 5115
217 2848 352 2930 indigna
374 2855 486 2932 putare
509 2849 678 2930 alienaque
702 2849 789 2930 pacis
813 2869 941 2931 eornm,

90 2983 121 3029 ro
147 2962 288 3027 delibata
309 2964 403 3028 deum
425 2982 484 3046 per
506 2970 537 3026 te
560 2963 616 3028 tibi
641 2964 771 3026 numina
794 2969 906 3028 sancta

145 3097 242 3162 55555
266 3079 421 3159 5555555;
439 3097 504 3142 555
527 3097 589 3158 quo
613 3077 727 3142 violari
751 3097 875 3140 summa
898 3077 991 3140 deum
1015 3077 1063 3142 vis

146 3194 267 3276 possit,
283 3201 316 3256 ut
338 3213 378 3258 ex
402 3193 451 3256 ira
472 3211 596 3276 poenas
619 3197 728 3275 petere
751 3192 876 3256 inbibat
898 3192 1000 3264 acris,

146 3308 202 3374 sed
227 3309 303 3390 quia
325 3315 389 3371 tute
412 3307 469 3371 tibi
491 3306 619 3390 placida
643 3325 712 3371 cum
736 3325 816 3390 pace
840 3306 965 3386 quietos

142 3425 316 3488 constitues
338 3442 474 3504 magnos
496 3423 613 3486 irarum
637 3421 765 3486 volvere
788 3421 923 3504 fluetus,

88 3558 119 3604 55
145 3557 205 3602 555
228 3539 363 3603 delubra
386 3538 479 3602 deurn
503 3538 631 3622 51551515
656 3557 725 3601 cunr
749 3544 879 3622 pectore
902 3536 1028 3619 adibis,

144 3673 204 3716 nec
227 3652 267 3716 de
290 3673 423 3737 corpore
447 3673 529 3735 quae
552 3659 663 3718 saneto
687 3653 859 3718 simulacra
881 3651 1026 3714 feruntur

143 3767 175 3831 in
198 3774 321 3832 mentes
344 3767 504 3833 homiuum
528 3768 655 3832 divinae
678 3769 788 3831 nuntia
811 3767 952 3850 1555555,

143 3968 344 3975 ψ..

146 4097 179 4143 47
193 4093 317 4158 insignem
338 4092 351 4164 Η
371 4098 404 4144 48
417 4096 559 4144 Ventorum
572 4094 683 4144 existant
695 4093 826 4156 placentur
838 4090 925 4140 omnia
945 4089 958 4156 11
979 4093 1012 4140 49
1026 4091 1076 4139 sint
1096 4091 1108 4157 ΙΙ
1129 4092 1216 4141 favore
1227 4091 1266 4159 ,11

146 4184 177 4231 51
192 4183 320 4232 montibus
340 4179 354 4250 ΙΙ
374 4182 453 4232 51515
467 4182 479 4247 ΙΙ
500 4185 532 4232 56
548 4185 578 4232 57
587 4184 659 4230 :90
673 4184 703 4230 91
727 4182 739 4246 ΙΙ
760 4183 792 4229 63
805 4179 937 4228 adciscunt
951 4175 964 4244 Η
980 4178 1123 4227 6455155515
1138 4176 1151 4246 Η
1166 4181 1266 4228 68155-

144 4270 222 4333 gique
234 4271 345 4320 remitti.
366 4271 379 4338 51
402 4275 431 4319 71
447 4268 580 4339 5515555515
596 4271 701 4320 51515515
721 4269 733 4336 ΙΙ
756 4270 787 4316 72
801 4268 838 4316 155
858 4268 869 4332 Η
892 4266 1052 4328 requietus.
1067 4263 1080 4333 ΙΙ
1102 4265 1236 4314 74115555.
1251 4263 1265 4337 Η

147 4361 178 4407 76
199 4358 317 4407 fuerunt.
