3140 5036
705 363 733 429 V

156 536 188 600 in
210 534 315 600 medio
337 539 372 598 ut
393 535 547 620 propulsa
562 554 627 621 suo
651 537 815 602 condensa
837 536 954 620 eoiret,

156 655 223 713 tarn
245 649 351 731 magis
373 669 543 733 expressus
567 650 671 714 salsus
694 649 734 715 de
757 668 890 733 corpore
913 651 1011 716 sudor

157 763 298 844 augebat
319 783 406 828 mare
428 762 592 828 manando
615 783 809 848 camposque
832 764 992 841 natantis,
1097 828 1099 832 .

157 887 189 946 et
210 885 297 944 tanto
322 877 426 959 magis
448 877 504 941 illa
525 877 612 942 soras
636 877 749 942 elubsa
772 878 925 944 volabant

79 1017 131 1062 400
157 1014 293 1079 corpora
315 993 413 1056 multa
434 991 563 1074 vaporis
585 997 617 1056 et
638 991 740 1075 aeris,
757 992 886 1073 altaque
909 993 991 1058 caeli

159 1106 336 1173 densabant
358 1105 469 1191 procul
492 1125 512 1168 a
534 1104 624 1170 terris
648 1104 803 1186 fulgentia
824 1105 967 1191 templa.

157 1221 306 1286 sidebant
328 1219 454 1303 campi,
471 1219 658 1284 crescebant
679 1221 841 1286 montibus
864 1221 938 1285 altis

158 1354 330 1400 ascensus:
347 1352 451 1414 neque
474 1333 558 1397 enim
579 1341 728 1417 poterant
750 1335 917 1401 subsidere
941 1356 1021 1402 saxa

157 1469 217 1515 neo
238 1448 360 1533 pariter
381 1449 569 1512 tantundem
591 1468 701 1513 omnes
724 1450 928 1515 succumbere
950 1449 1071 1533 partia.

78 1584 130 1630 405
199 1563 253 1627 Sic
275 1563 370 1644 igitur
393 1569 498 1627 terrae
521 1570 669 1628 concreto
694 1582 828 1648 corpore
851 1564 977 1647 pondus

159 1677 319 1754 constitit,
336 1681 430 1759 atque
453 1677 556 1762 omnis
578 1677 689 1742 mundi
711 1679 803 1759 quasi
827 1678 920 1743 limus
942 1679 975 1742 in
998 1679 1094 1745 imum

157 1789 308 1872 confluxit
329 1791 436 1873 gravis
461 1797 492 1856 et
514 1790 659 1856 subsedit
680 1791 823 1858 funditus
847 1797 881 1856 ut
902 1793 997 1872 faex3

157 1904 233 1970 inde
256 1925 362 1981 mare,
378 1905 454 1971 inde
477 1912 550 1989 adr,
568 1906 642 1971 inde
666 1905 774 1970 aether
796 1907 913 1990 ignifer
934 1908 1024 1992 ipse.

158 2019 344 2104 corporibus
365 2019 493 2102 liquidis
516 2026 590 2084 suut
612 2021 718 2084 omnia
741 2042 823 2104 pura
845 2022 974 2086 relicta:

82 2154 134 2201 500
161 2139 193 2198 et
214 2133 337 2198 leviora
359 2134 431 2198 aliis
454 2133 538 2216 alia,
556 2139 587 2197 et
609 2133 839 2216 liquidissimus
861 2135 971 2200 aether

158 2255 254 2329 atque
276 2249 456 2314 levissimus
479 2247 583 2312 adrias
607 2267 703 2332 super
726 2248 828 2312 influit
850 2269 966 2334 auras,

157 2381 218 2427 nec
239 2362 396 2444 liquidum
418 2381 533 2446 corpus
556 2362 753 2428 turbantibus
777 2364 860 2430 atris
884 2364 969 2428 auris

160 2477 361 2542 commiscet.
379 2475 453 2541 sinit
474 2477 524 2542 hic
545 2475 693 2542 violentis
717 2479 824 2542 omnia
844 2479 924 2544 verti

159 2590 355 2674 turbinibus,
373 2589 447 2654 sinit
469 2590 599 2656 incertis
621 2592 749 2656 turbare
771 2591 942 2674 procellis,

83 2724 134 2770 505
160 2704 230 2788 ipse
252 2724 327 2769 suos
349 2705 432 2788 ignis
456 2713 541 2770 certo
564 2705 624 2770 fert
639 2705 760 2789 impete
782 2705 915 2772 labens.

160 2839 235 2883 nam
257 2818 381 2884 modice
402 2819 500 2884 fluere
523 2826 618 2901 atque
639 2839 704 2884 uno
726 2839 823 2903 posse
846 2819 975 2885 aethera
997 2819 1069 2884 nisu

159 2932 319 3015 significat
340 2937 479 3017 Pontos,
496 2953 584 2998 mare
608 2938 693 2998 certo
717 2935 801 3015 quod
824 2933 892 2998 tluit
914 2939 1006 2998 aestu

160 3067 258 3112 unum
280 3046 414 3112 labendi
437 3067 631 3114 conservans
654 3067 754 3128 usque
777 3054 939 3112 tenorem.

201 3160 356 3248 [Motibus
379 3165 536 3238 astrorum
558 3179 644 3225 0000
668 3179 750 3242 quae
773 3162 813 3226 sit
835 3180 935 3226 causa
957 3181 1127 3226 canamus.

83 3295 135 3342 5ιο
160 3274 316 3358 principio
340 3293 475 3359 magnus
498 3272 579 3338 caeli
603 3274 629 3338 si
652 3275 782 3340 vorhtun
804 3275 909 3353 orbiu,

161 3408 201 3454 ex
223 3397 358 3471 utraque
380 3389 491 3474 polum
514 3389 596 3472 parti
619 3408 764 3473 premere
788 3397 865 3454 adra
888 3389 981 3456 nobis

161 3502 329 3568 dicendum
353 3511 399 3567 est
422 3509 576 3585 extraque
599 3508 706 3568 tenere
729 3508 760 3568 et
782 3503 931 3568 claudere
954 3503 1131 3585 utrimqu03

158 3617 233 3683 inde
254 3616 350 3680 aliurn
373 3636 471 3701 supra
492 3617 591 3683 fluere
613 3624 710 3700 atque
730 3618 895 3684 intendere
918 3617 1088 3696 deorsum,

83 3751 134 3798 505
160 3730 233 3796 hinc
255 3730 351 3795 alium
375 3737 502 3814 supter,
520 3737 631 3796 contra
654 3732 709 3814 qui
732 3732 888 3798 subvehat
910 3733 1041 3813 orbem3

158 3850 193 3907 ut
214 3843 327 3910 fluvios
349 3865 477 3910 versare
499 3850 587 3910 rotas
612 3852 709 3926 atque
730 3853 838 3933 austra
860 3820 1026 3910 videmus.

83 3977 135 4023 514
160 3977 221 4039 quo
244 3959 403 4025 volvenda
424 3957 543 4022 micant
564 3957 684 4022 aeterni
708 3955 814 4022 sidera
835 3957 964 4021 mundi.

163 4231 212 4278 491
233 4228 382 4278 Densabunt
406 4227 420 4297 00
445 4230 495 4279 500
513 4227 592 4278 levior
617 4223 630 4295 00
651 4228 701 4278 503
721 4225 858 4278 Commissi
879 4223 892 4295 00
912 4225 974 4278 haec
995 4226 1006 4295 0
1029 4231 1078 4278 507
1098 4237 1176 4293 ponto
1197 4227 1210 4300 00
1230 4233 1280 4283 513
1350 4206 1356 4215 ¹

162 4316 268 4367 eodem.
289 4315 302 4386 00
323 4320 373 4369 515
393 4318 447 4366 Ant
467 4312 481 4383 00
501 4315 557 4377 quis
577 4310 591 4382 00
612 4318 661 4364 516
681 4313 773 4362 fluvius
