3140 5036
289 349 349 416 146
822 349 881 414 ΠΙΙ

284 518 433 584 bracchia
455 519 696 603 palpebraeque
719 519 856 599 cadunt,
872 522 1076 608 poplitesque
1099 526 1230 591 cubanti

284 653 381 717 saepe
403 640 510 698 tamen
534 634 768 699 summittuntur
791 635 931 718 virisque
954 639 1136 704 resolvunt.

285 748 400 814 deinde
423 748 527 812 eibum
551 749 694 829 sequitur
716 745 868 834 somnus,
887 752 981 832 quia,
999 774 1082 834 quae
1106 753 1183 818 facit
1205 762 1282 840 adr,

210 885 259 935 955
284 862 366 930 hacc
389 863 500 928 eadem
525 863 631 946 cibus,
648 863 681 928 in
704 884 804 930 venas
828 866 902 930 dum
927 866 1045 932 diditur
1068 870 1190 954 omnis,

283 979 400 1045 efficit.
418 983 448 1042 et
471 979 567 1042 multo
592 999 689 1062 sopor·
711 980 765 1044 ille
787 982 992 1064 gravissimus
1016 990 1139 1061 exstat,

284 1115 377 1177 quem
400 1099 486 1158 satur
508 1100 561 1157 aut
582 1093 689 1159 lassus
712 1095 845 1179 capias,
864 1097 940 1177 quia
962 1098 1101 1180 plurinra
1124 1104 1186 1162 tum
1211 1119 1247 1164 se

284 1229 420 1293 corpora
443 1213 633 1276 conturbant
654 1230 772 1294 magno
796 1217 930 1276 contusa
953 1212 1086 1276 labore.

282 1326 316 1388 tit
338 1326 461 1390 ratione
485 1326 599 1391 eadem
623 1325 783 1391 coniectus
806 1327 920 1409 partim
943 1328 1061 1392 animai

207 1461 257 1508 seo
283 1439 396 1518 altior,
413 1447 509 1523 atque
532 1440 619 1506 foras
642 1441 761 1506 eiectus
785 1419 905 1524 largior
928 1431 1016 1526 siud,

284 1562 315 1620 et
337 1555 467 1620 divisior
489 1557 572 1619 inter
594 1576 629 1621 se
654 1576 692 1621 ac
715 1556 897 1620 distractior·
920 1563 1032 1622 actus.

321 1672 361 1734 nt
384 1691 446 1752 quo
471 1671 605 1752 quisque
628 1671 696 1736 sere
720 1670 825 1734 studio
850 1670 1013 1736 devinctus
1036 1671 1208 1755 adhaeret,

282 1792 337 1851 aut
360 1786 474 1868 quibus
497 1787 529 1848 in
551 1785 647 1850 rebus
671 1785 800 1848 rnulturn
823 1806 932 1850 sumus
955 1793 1029 1852 ante
1051 1789 1165 1852 morati

280 1905 377 1981 atque
399 1899 431 1962 in
455 1918 494 1963 ea
515 1899 640 1966 ratione
662 1898 722 1963 fuit
744 1907 891 1965 contenta
913 1902 1017 1986 magis
1041 1922 1151 1979 meus,

206 2035 255 2083 oen
278 2015 311 2078 in
333 2015 453 2079 somnis
476 2014 587 2078 eadem
610 2015 798 2098 plerumque
820 2015 964 2079 videmur
988 2017 1097 2094 obire;

282 2128 433 2196 causidici
458 2148 573 2194 causas
596 2149 693 2213 agere
716 2135 747 2192 et
769 2149 961 2214 componere
983 2131 1091 2215 leges,

279 2246 522 2330 induperatores
544 2263 690 2328 pugnare
713 2264 751 2308 ac
773 2245 897 2328 proelia
920 2245 1030 2323 obire,

280 2367 397 2426 nautae
421 2363 616 2423 contractum
640 2379 710 2421 euru
733 2359 834 2423 ventis
858 2361 974 2442 degere
997 2361 1139 2445 bellonis

279 2495 337 2540 nos
361 2491 457 2557 agere
480 2473 541 2537 hoc
563 2477 670 2537 autem
694 2480 724 2539 et
746 2480 893 2538 naturam
917 2494 1070 2555 quaerere
1093 2495 1197 2541 rerum

207 2609 257 2656 oro
279 2607 405 2671 semper
426 2595 456 2652 et
477 2588 640 2652 inventam
662 2589 775 2671 patriis
798 2608 959 2672 exponere
982 2588 1117 2654 oba-rtis.

279 2710 386 2768 cetera
408 2703 453 2767 sic
475 2701 581 2767 studia
604 2709 699 2784 atque
722 2709 806 2768 artes
829 2705 1016 2786 plerumque
1039 2702 1187 2768 videntur

278 2819 311 2882 in
334 2818 453 2883 somnis
476 2817 600 2881 animos
623 2818 785 2882 bominum
808 2817 958 2882 frustrata
981 2824 1109 2882 tenere.

279 2939 310 2998 et
332 2932 387 3014 qui
409 2952 541 3013 cumque
566 2931 634 2996 dies
659 2931 773 2995 multos
798 2950 839 2995 ex
862 2932 974 2997 ordine
996 2931 1081 2996 ludis

279 3047 430 3111 adsiduas
453 3046 609 3111 dederunt
631 3066 763 3132 operas,
780 3046 966 3130 plerumque
990 3046 1154 3125 videmus,

203 3184 252 3230 975
279 3181 349 3225 eum
372 3161 434 3224 iarn
457 3161 644 3227 destiterunt
667 3183 706 3226 ea
728 3162 875 3227 sensibus
900 3183 1073 3246 usurpare,

279 3277 415 3341 relicuas
438 3282 543 3342 tamen
567 3296 638 3342 esse
661 3277 728 3341 vias
751 3276 783 3340 in
808 3283 911 3340 mente
928 3277 1093 3359 patentia,

234 3419 241 3431 ·
278 3412 340 3474 qua
361 3392 486 3475 possint
509 3392 621 3457 eadem
643 3411 748 3454 rerum
771 3389 942 3454 simulacra
964 3392 1093 3457 venire:

279 3527 335 3590 per
357 3506 472 3571 multos
494 3507 600 3587 itaque
622 3504 679 3567 illa
702 3502 770 3568 dies
793 3505 906 3570 eadem
930 3506 1138 3570 obversantur

278 3627 353 3687 ante
376 3621 484 3686 oculos
499 3669 506 3704 ,
523 3620 617 3684 etiam
641 3618 813 3700 vigilantes
835 3626 869 3682 ut
890 3619 1057 3684 videantur

202 3759 251 3806 oso
277 3733 406 3801 cernere
429 3734 574 3799 saltantis
596 3740 627 3798 et
648 3733 758 3797 mollia
779 3734 922 3797 membra
945 3735 1120 3826 moventis,

278 3857 310 3918 et
331 3851 471 3916 citharae
493 3847 647 3929 liquidum
671 3867 798 3912 carmen
822 3847 1023 3930 chordasque
1045 3848 1206 3930 loquentis

277 3966 405 4030 auribus
428 3963 593 4048 accipere,
611 3967 642 4026 et
664 3981 849 4028 consessum
872 3982 1001 4029 cernere
1024 3962 1157 4028 eundem

277 4079 450 4161 scenaique
473 4078 566 4144 simul
587 4077 695 4144 varios
717 4077 888 4162 splendere
911 4078 1063 4143 decores.

280 4327 330 4376 959
349 4334 419 4392 parte
440 4323 452 4395 Η
474 4329 521 4377 961
542 4327 625 4378 intus.
646 4322 659 4396 Η
679 4327 728 4376 982
748 4342 897 4380 consensum
917 4323 931 4396 Η
952 4330 1001 4378 983
1021 4326 1162 4389 Scenatqne
