<?xml version="1.0" encoding="UTF-8"?>
<!DOCTYPE html PUBLIC "-//W3C//DTD XHTML 1.0 Transitional//EN"
    "http://www.w3.org/TR/xhtml1/DTD/xhtml1-transitional.dtd">
<html xmlns="http://www.w3.org/1999/xhtml" xml:lang="en" lang="en">
 <head>
  <title>
</title>
<meta http-equiv="Content-Type" content="text/html;charset=utf-8" />
  <meta name='ocr-system' content='tesseract 3.04.00' />
  <meta name='ocr-capabilities' content='ocr_page ocr_carea ocr_par ocr_line ocrx_word'/>
</head>
<body>
  <div class='ocr_page' id='page_1' title='image "./tlucreticarider25carugoog_0247.png"; bbox 0 0 3140 5032; ppageno 0'>
   <div class='ocr_carea' id='block_1_1' title="bbox 287 411 874 487">
    <p class='ocr_par' dir='ltr' id='par_1_1' title="bbox 287 411 874 487">
     <span class='ocr_line' id='line_1_1' title="bbox 287 411 874 487; baseline -0.019 0"><span class='ocrx_word' id='word_1_1' title='bbox 287 423 349 487; x_wconf 80' lang='lat'>228</span> <span class='ocrx_word' id='word_1_2' title='bbox 832 411 874 476; x_wconf 91' lang='lat' dir='ltr'>Vl</span> 
     </span>
    </p>
   </div>
   <div class='ocr_carea' id='block_1_2' title="bbox 213 580 1342 4117">
    <p class='ocr_par' dir='ltr' id='par_1_2' title="bbox 213 580 1342 4117">
     <span class='ocr_line' id='line_1_2' title="bbox 213 580 1174 670; baseline -0.014 -13"><span class='ocrx_word' id='word_1_3' title='bbox 213 611 263 657; x_wconf 76' lang='lat' dir='ltr'>eru</span> <span class='ocrx_word' id='word_1_4' title='bbox 289 588 342 670; x_wconf 92' lang='lat' dir='ltr'>qui</span> <span class='ocrx_word' id='word_1_5' title='bbox 367 608 430 652; x_wconf 90' lang='lat' dir='ltr'>nou</span> <span class='ocrx_word' id='word_1_6' title='bbox 453 591 528 650; x_wconf 89' lang='lat' dir='ltr'>ante</span> <span class='ocrx_word' id='word_1_7' title='bbox 550 584 689 666; x_wconf 79' lang='lat' dir='ltr'>aliquem</span> <span class='ocrx_word' id='word_1_8' title='bbox 713 583 866 648; x_wconf 91' lang='lat' dir='ltr'>maiorem</span> <span class='ocrx_word' id='word_1_9' title='bbox 890 581 988 656; x_wconf 82' lang='lat' dir='ltr'>vidit,</span> <span class='ocrx_word' id='word_1_10' title='bbox 1006 587 1038 645; x_wconf 90' lang='lat' dir='ltr'>et</span> <span class='ocrx_word' id='word_1_11' title='bbox 1059 580 1174 662; x_wconf 83' lang='lat' dir='ltr'>ingens</span> 
     </span>
     <span class='ocr_line' id='line_1_3' title="bbox 290 696 1228 781; baseline -0.009 -15"><span class='ocrx_word' id='word_1_12' title='bbox 290 703 386 767; x_wconf 91' lang='lat' dir='ltr'>arbor</span> <span class='ocrx_word' id='word_1_13' title='bbox 408 702 566 781; x_wconf 82' lang='lat' dir='ltr'>homoque</span> <span class='ocrx_word' id='word_1_14' title='bbox 589 698 734 775; x_wconf 83' lang='lat' dir='ltr'>videtur,</span> <span class='ocrx_word' id='word_1_15' title='bbox 751 703 783 763; x_wconf 90' lang='lat' dir='ltr'>et</span> <span class='ocrx_word' id='word_1_16' title='bbox 806 696 914 760; x_wconf 89' lang='lat' dir='ltr'>omnia</span> <span class='ocrx_word' id='word_1_17' title='bbox 936 696 977 760; x_wconf 92' lang='lat' dir='ltr'>de</span> <span class='ocrx_word' id='word_1_18' title='bbox 999 713 1119 780; x_wconf 86' lang='lat' dir='ltr'>genere</span> <span class='ocrx_word' id='word_1_19' title='bbox 1143 696 1228 758; x_wconf 91' lang='lat' dir='ltr'>omni</span> 
     </span>
     <span class='ocr_line' id='line_1_4' title="bbox 290 809 1211 895; baseline -0.009 -15"><span class='ocrx_word' id='word_1_20' title='bbox 290 817 431 881; x_wconf 89' lang='lat' dir='ltr'>maxima</span> <span class='ocrx_word' id='word_1_21' title='bbox 455 834 535 895; x_wconf 92' lang='lat' dir='ltr'>quae</span> <span class='ocrx_word' id='word_1_22' title='bbox 557 812 637 878; x_wconf 83' lang='lat' dir='ltr'>vidit</span> <span class='ocrx_word' id='word_1_23' title='bbox 659 813 814 894; x_wconf 90' lang='lat' dir='ltr'>quisque,</span> <span class='ocrx_word' id='word_1_24' title='bbox 833 813 913 876; x_wconf 88' lang='lat' dir='ltr'>baec</span> <span class='ocrx_word' id='word_1_25' title='bbox 935 811 1078 892; x_wconf 85' lang='lat' dir='ltr'>ingentia</span> <span class='ocrx_word' id='word_1_26' title='bbox 1100 809 1211 892; x_wconf 85' lang='lat' dir='ltr'>fingit,</span> 
     </span>
     <span class='ocr_line' id='line_1_5' title="bbox 290 926 1171 1008; baseline -0.009 -12"><span class='ocrx_word' id='word_1_27' title='bbox 290 952 360 997; x_wconf 92' lang='lat' dir='ltr'>cum</span> <span class='ocrx_word' id='word_1_28' title='bbox 384 936 491 994; x_wconf 91' lang='lat' dir='ltr'>tamen</span> <span class='ocrx_word' id='word_1_29' title='bbox 515 927 622 992; x_wconf 88' lang='lat' dir='ltr'>omnia</span> <span class='ocrx_word' id='word_1_30' title='bbox 645 948 717 992; x_wconf 90' lang='lat' dir='ltr'>cum</span> <span class='ocrx_word' id='word_1_31' title='bbox 740 928 831 992; x_wconf 90' lang='lat' dir='ltr'>caelo</span> <span class='ocrx_word' id='word_1_32' title='bbox 854 933 1003 1008; x_wconf 85' lang='lat' dir='ltr'>terreque</span> <span class='ocrx_word' id='word_1_33' title='bbox 1025 926 1171 1006; x_wconf 73' lang='lat' dir='ltr'>uterique</span> 
     </span>
     <span class='ocr_line' id='line_1_6' title="bbox 289 1042 1107 1110; baseline -0.005 -2"><span class='ocrx_word' id='word_1_34' title='bbox 289 1047 334 1108; x_wconf 90' lang='lat' dir='ltr'>nil</span> <span class='ocrx_word' id='word_1_35' title='bbox 357 1045 421 1110; x_wconf 86' lang='lat' dir='ltr'>sint</span> <span class='ocrx_word' id='word_1_36' title='bbox 443 1045 484 1109; x_wconf 90' lang='lat' dir='ltr'>ad</span> <span class='ocrx_word' id='word_1_37' title='bbox 507 1062 662 1108; x_wconf 90' lang='lat' dir='ltr'>summam</span> <span class='ocrx_word' id='word_1_38' title='bbox 686 1043 818 1107; x_wconf 89' lang='lat' dir='ltr'>summai</span> <span class='ocrx_word' id='word_1_39' title='bbox 842 1042 939 1106; x_wconf 87' lang='lat' dir='ltr'>totius</span> <span class='ocrx_word' id='word_1_40' title='bbox 962 1061 1107 1106; x_wconf 88' lang='lat' dir='ltr'>ornnem.</span> 
     </span>
     <span class='ocr_line' id='line_1_7' title="bbox 216 1156 1205 1241; baseline -0.009 -11"><span class='ocrx_word' id='word_1_41' title='bbox 216 1183 266 1230; x_wconf 81' lang='lat' dir='ltr'>oso</span> <span class='ocrx_word' id='word_1_42' title='bbox 333 1161 426 1224; x_wconf 88' lang='lat' dir='ltr'>Nunc</span> <span class='ocrx_word' id='word_1_43' title='bbox 448 1167 554 1223; x_wconf 90' lang='lat' dir='ltr'>tamen</span> <span class='ocrx_word' id='word_1_44' title='bbox 577 1157 635 1221; x_wconf 87' lang='lat' dir='ltr'>illa</span> <span class='ocrx_word' id='word_1_45' title='bbox 656 1157 762 1222; x_wconf 91' lang='lat' dir='ltr'>modis</span> <span class='ocrx_word' id='word_1_46' title='bbox 785 1158 901 1239; x_wconf 90' lang='lat' dir='ltr'>quibus</span> <span class='ocrx_word' id='word_1_47' title='bbox 923 1156 1051 1221; x_wconf 84' lang='lat' dir='ltr'>inritata</span> <span class='ocrx_word' id='word_1_48' title='bbox 1074 1162 1205 1241; x_wconf 90' lang='lat' dir='ltr'>repente</span> 
     </span>
     <span class='ocr_line' id='line_1_8' title="bbox 290 1271 1136 1355; baseline -0.005 -16"><span class='ocrx_word' id='word_1_49' title='bbox 290 1276 418 1340; x_wconf 87' lang='lat' dir='ltr'>flamma</span> <span class='ocrx_word' id='word_1_50' title='bbox 441 1274 530 1339; x_wconf 89' lang='lat' dir='ltr'>foras</span> <span class='ocrx_word' id='word_1_51' title='bbox 552 1273 652 1338; x_wconf 89' lang='lat' dir='ltr'>vastis</span> <span class='ocrx_word' id='word_1_52' title='bbox 675 1273 799 1338; x_wconf 82' lang='lat' dir='ltr'><strong>Aetnae</strong></span> <span class='ocrx_word' id='word_1_53' title='bbox 821 1271 1008 1337; x_wconf 80' lang='lat' dir='ltr'><strong>fornacibus</strong></span> <span class='ocrx_word' id='word_1_54' title='bbox 1030 1271 1136 1355; x_wconf 87' lang='lat' dir='ltr'>efflet,</span> 
     </span>
     <span class='ocr_line' id='line_1_9' title="bbox 293 1387 1058 1473; baseline -0.004 -19"><span class='ocrx_word' id='word_1_55' title='bbox 293 1389 483 1473; x_wconf 81' lang='lat' dir='ltr'>expediam.</span> <span class='ocrx_word' id='word_1_56' title='bbox 500 1388 635 1473; x_wconf 88' lang='lat' dir='ltr'>primum</span> <span class='ocrx_word' id='word_1_57' title='bbox 658 1387 753 1452; x_wconf 89' lang='lat' dir='ltr'>totius</span> <span class='ocrx_word' id='word_1_58' title='bbox 776 1388 919 1452; x_wconf 88' lang='lat' dir='ltr'>subcava</span> <span class='ocrx_word' id='word_1_59' title='bbox 942 1387 1058 1451; x_wconf 90' lang='lat' dir='ltr'>montis</span> 
     </span>
     <span class='ocr_line' id='line_1_10' title="bbox 293 1501 1074 1586; baseline -0.004 -18"><span class='ocrx_word' id='word_1_60' title='bbox 293 1509 341 1569; x_wconf 90' lang='lat' dir='ltr'>est</span> <span class='ocrx_word' id='word_1_61' title='bbox 363 1510 498 1586; x_wconf 87' lang='lat' dir='ltr'>natura,</span> <span class='ocrx_word' id='word_1_62' title='bbox 515 1502 583 1567; x_wconf 88' lang='lat' dir='ltr'>fero</span> <span class='ocrx_word' id='word_1_63' title='bbox 607 1501 731 1566; x_wconf 92' lang='lat' dir='ltr'>silicum</span> <span class='ocrx_word' id='word_1_64' title='bbox 755 1501 885 1565; x_wconf 89' lang='lat' dir='ltr'>suffulta</span> <span class='ocrx_word' id='word_1_65' title='bbox 908 1502 1074 1568; x_wconf 89' lang='lat' dir='ltr'>cavernis.</span> 
     </span>
     <span class='ocr_line' id='line_1_11' title="bbox 293 1599 1198 1701; baseline -0.006 -16"><span class='ocrx_word' id='word_1_66' title='bbox 293 1619 439 1685; x_wconf 91' lang='lat' dir='ltr'>omnibus</span> <span class='ocrx_word' id='word_1_67' title='bbox 463 1624 510 1683; x_wconf 89' lang='lat' dir='ltr'>est</span> <span class='ocrx_word' id='word_1_68' title='bbox 532 1637 628 1701; x_wconf 87' lang='lat' dir='ltr'>porro</span> <span class='ocrx_word' id='word_1_69' title='bbox 650 1617 683 1680; x_wconf 91' lang='lat' dir='ltr'>in</span> <span class='ocrx_word' id='word_1_70' title='bbox 707 1616 868 1700; x_wconf 81' lang='lat' dir='ltr'>speluncis</span> <span class='ocrx_word' id='word_1_71' title='bbox 890 1623 1001 1681; x_wconf 88' lang='lat' dir='ltr'>ventus</span> <span class='ocrx_word' id='word_1_72' title='bbox 1025 1621 1056 1679; x_wconf 86' lang='lat' dir='ltr'>et</span> <span class='ocrx_word' id='word_1_73' title='bbox 1079 1623 1154 1681; x_wconf 78' lang='lat' dir='ltr'>ab&#39;r.</span> <span class='ocrx_word' id='word_1_74' title='bbox 1194 1599 1198 1608; x_wconf 49' lang='lat'>¹</span> 
     </span>
     <span class='ocr_line' id='line_1_12' title="bbox 219 1731 1167 1816; baseline -0.008 -12"><span class='ocrx_word' id='word_1_75' title='bbox 219 1758 268 1804; x_wconf 76' lang='lat' dir='ltr'>oso</span> <span class='ocrx_word' id='word_1_76' title='bbox 293 1740 405 1800; x_wconf 88' lang='lat' dir='ltr'>ventus</span> <span class='ocrx_word' id='word_1_77' title='bbox 430 1733 513 1797; x_wconf 92' lang='lat' dir='ltr'>enim</span> <span class='ocrx_word' id='word_1_78' title='bbox 536 1731 591 1816; x_wconf 88' lang='lat' dir='ltr'>flt,</span> <span class='ocrx_word' id='word_1_79' title='bbox 608 1732 661 1795; x_wconf 95' lang='lat' dir='ltr'>ubi</span> <span class='ocrx_word' id='word_1_80' title='bbox 684 1738 733 1796; x_wconf 91' lang='lat' dir='ltr'>est</span> <span class='ocrx_word' id='word_1_81' title='bbox 754 1731 906 1814; x_wconf 84' lang='lat' dir='ltr'>agitando</span> <span class='ocrx_word' id='word_1_82' title='bbox 932 1731 1069 1814; x_wconf 87' lang='lat' dir='ltr'>percitus</span> <span class='ocrx_word' id='word_1_83' title='bbox 1092 1739 1167 1797; x_wconf 73' lang='lat' dir='ltr'>abr:</span> 
     </span>
     <span class='ocr_line' id='line_1_13' title="bbox 295 1845 1123 1932; baseline -0.002 -20"><span class='ocrx_word' id='word_1_84' title='bbox 295 1849 346 1913; x_wconf 88' lang='lat' dir='ltr'>bio</span> <span class='ocrx_word' id='word_1_85' title='bbox 368 1849 422 1913; x_wconf 92' lang='lat' dir='ltr'>ubi</span> <span class='ocrx_word' id='word_1_86' title='bbox 444 1847 600 1932; x_wconf 89' lang='lat' dir='ltr'>percaluit</span> <span class='ocrx_word' id='word_1_87' title='bbox 622 1847 691 1911; x_wconf 89' lang='lat' dir='ltr'>cale</span> <span class='ocrx_word' id='word_1_88' title='bbox 713 1845 853 1928; x_wconf 82' lang='lat' dir='ltr'>fecitque</span> <span class='ocrx_word' id='word_1_89' title='bbox 876 1847 985 1910; x_wconf 89' lang='lat' dir='ltr'>omnia</span> <span class='ocrx_word' id='word_1_90' title='bbox 1008 1847 1123 1912; x_wconf 89' lang='lat' dir='ltr'>circum</span> 
     </span>
     <span class='ocr_line' id='line_1_14' title="bbox 294 1961 1232 2044; baseline 0 -15"><span class='ocrx_word' id='word_1_91' title='bbox 294 1985 375 2029; x_wconf 87' lang='lat' dir='ltr'>saxa</span> <span class='ocrx_word' id='word_1_92' title='bbox 398 1963 527 2038; x_wconf 81' lang='lat' dir='ltr'>furens,</span> <span class='ocrx_word' id='word_1_93' title='bbox 545 1982 609 2043; x_wconf 92' lang='lat' dir='ltr'>qua</span> <span class='ocrx_word' id='word_1_94' title='bbox 632 1961 805 2044; x_wconf 82' lang='lat' dir='ltr'>contingit,</span> <span class='ocrx_word' id='word_1_95' title='bbox 822 1968 1022 2043; x_wconf 86' lang='lat' dir='ltr'>terramque,</span> <span class='ocrx_word' id='word_1_96' title='bbox 1041 1969 1070 2026; x_wconf 88' lang='lat' dir='ltr'>et</span> <span class='ocrx_word' id='word_1_97' title='bbox 1094 1964 1136 2028; x_wconf 92' lang='lat' dir='ltr'>ab</span> <span class='ocrx_word' id='word_1_98' title='bbox 1159 1964 1232 2029; x_wconf 91' lang='lat' dir='ltr'>ollis</span> 
     </span>
     <span class='ocr_line' id='line_1_15' title="bbox 294 2075 1090 2156; baseline -0.003 -12"><span class='ocrx_word' id='word_1_99' title='bbox 294 2077 434 2144; x_wconf 76' lang='lat' dir='ltr'>excussit</span> <span class='ocrx_word' id='word_1_100' title='bbox 457 2076 594 2141; x_wconf 90' lang='lat' dir='ltr'>calidum</span> <span class='ocrx_word' id='word_1_101' title='bbox 617 2075 752 2140; x_wconf 89' lang='lat' dir='ltr'>flammis</span> <span class='ocrx_word' id='word_1_102' title='bbox 774 2075 939 2141; x_wconf 87' lang='lat' dir='ltr'>velocibus</span> <span class='ocrx_word' id='word_1_103' title='bbox 961 2076 1090 2156; x_wconf 83' lang='lat' dir='ltr'>iguem,</span> 
     </span>
     <span class='ocr_line' id='line_1_16' title="bbox 294 2188 1051 2258; baseline -0.003 0"><span class='ocrx_word' id='word_1_104' title='bbox 294 2194 377 2258; x_wconf 90' lang='lat' dir='ltr'>tollit</span> <span class='ocrx_word' id='word_1_105' title='bbox 399 2211 433 2258; x_wconf 90' lang='lat' dir='ltr'>se</span> <span class='ocrx_word' id='word_1_106' title='bbox 457 2211 495 2256; x_wconf 91' lang='lat' dir='ltr'>ac</span> <span class='ocrx_word' id='word_1_107' title='bbox 519 2191 613 2256; x_wconf 88' lang='lat' dir='ltr'>rectis</span> <span class='ocrx_word' id='word_1_108' title='bbox 635 2190 682 2254; x_wconf 91' lang='lat' dir='ltr'>ita</span> <span class='ocrx_word' id='word_1_109' title='bbox 704 2188 850 2254; x_wconf 88' lang='lat' dir='ltr'>faucibus</span> <span class='ocrx_word' id='word_1_110' title='bbox 872 2189 946 2253; x_wconf 86' lang='lat' dir='ltr'>eicit</span> <span class='ocrx_word' id='word_1_111' title='bbox 967 2191 1051 2256; x_wconf 90' lang='lat' dir='ltr'>alte.</span> 
     </span>
     <span class='ocr_line' id='line_1_17' title="bbox 221 2305 1141 2390; baseline -0.009 -12"><span class='ocrx_word' id='word_1_112' title='bbox 221 2332 270 2378; x_wconf 82' lang='lat' dir='ltr'>coo</span> <span class='ocrx_word' id='word_1_113' title='bbox 296 2308 355 2374; x_wconf 87' lang='lat' dir='ltr'>fert</span> <span class='ocrx_word' id='word_1_114' title='bbox 377 2309 487 2390; x_wconf 87' lang='lat' dir='ltr'>itaque</span> <span class='ocrx_word' id='word_1_115' title='bbox 510 2307 658 2371; x_wconf 88' lang='lat' dir='ltr'>ardorem</span> <span class='ocrx_word' id='word_1_116' title='bbox 681 2305 795 2388; x_wconf 81' lang='lat' dir='ltr'>longe,</span> <span class='ocrx_word' id='word_1_117' title='bbox 813 2305 973 2388; x_wconf 85' lang='lat' dir='ltr'>longeque</span> <span class='ocrx_word' id='word_1_118' title='bbox 997 2305 1141 2372; x_wconf 86' lang='lat' dir='ltr'>favillam</span> 
     </span>
     <span class='ocr_line' id='line_1_18' title="bbox 295 2420 1047 2506; baseline -0.004 -19"><span class='ocrx_word' id='word_1_119' title='bbox 295 2424 420 2502; x_wconf 77' lang='lat' dir='ltr'>differt,</span> <span class='ocrx_word' id='word_1_120' title='bbox 438 2429 469 2487; x_wconf 88' lang='lat' dir='ltr'>et</span> <span class='ocrx_word' id='word_1_121' title='bbox 491 2442 602 2487; x_wconf 90' lang='lat' dir='ltr'>crassa</span> <span class='ocrx_word' id='word_1_122' title='bbox 625 2421 723 2486; x_wconf 88' lang='lat' dir='ltr'>volvit</span> <span class='ocrx_word' id='word_1_123' title='bbox 746 2420 885 2502; x_wconf 84' lang='lat' dir='ltr'>caligine</span> <span class='ocrx_word' id='word_1_124' title='bbox 908 2421 1047 2506; x_wconf 81' lang='lat' dir='ltr'>sumum,</span> 
     </span>
     <span class='ocr_line' id='line_1_19' title="bbox 296 2535 1073 2621; baseline -0.001 -19"><span class='ocrx_word' id='word_1_125' title='bbox 296 2538 498 2620; x_wconf 86' lang='lat' dir='ltr'>extruditque</span> <span class='ocrx_word' id='word_1_126' title='bbox 521 2537 614 2603; x_wconf 89' lang='lat' dir='ltr'>simul</span> <span class='ocrx_word' id='word_1_127' title='bbox 638 2535 783 2601; x_wconf 89' lang='lat' dir='ltr'>mirando</span> <span class='ocrx_word' id='word_1_128' title='bbox 806 2536 953 2620; x_wconf 88' lang='lat' dir='ltr'>pondere</span> <span class='ocrx_word' id='word_1_129' title='bbox 973 2557 1073 2621; x_wconf 87' lang='lat' dir='ltr'>saxa;</span> 
     </span>
     <span class='ocr_line' id='line_1_20' title="bbox 296 2649 1130 2734; baseline 0 -18"><span class='ocrx_word' id='word_1_130' title='bbox 296 2674 335 2717; x_wconf 90' lang='lat' dir='ltr'>ne</span> <span class='ocrx_word' id='word_1_131' title='bbox 358 2653 484 2718; x_wconf 90' lang='lat' dir='ltr'>dubites</span> <span class='ocrx_word' id='word_1_132' title='bbox 508 2653 585 2734; x_wconf 90' lang='lat' dir='ltr'>quin</span> <span class='ocrx_word' id='word_1_133' title='bbox 608 2652 686 2716; x_wconf 90' lang='lat' dir='ltr'>baec</span> <span class='ocrx_word' id='word_1_134' title='bbox 708 2649 827 2715; x_wconf 89' lang='lat' dir='ltr'>animai</span> <span class='ocrx_word' id='word_1_135' title='bbox 850 2650 977 2714; x_wconf 91' lang='lat' dir='ltr'>turbida</span> <span class='ocrx_word' id='word_1_136' title='bbox 999 2651 1040 2715; x_wconf 93' lang='lat' dir='ltr'>sit</span> <span class='ocrx_word' id='word_1_137' title='bbox 1062 2651 1130 2718; x_wconf 88' lang='lat' dir='ltr'>vis.</span> 
     </span>
     <span class='ocr_line' id='line_1_21' title="bbox 295 2765 1173 2856; baseline 0 -23"><span class='ocrx_word' id='word_1_138' title='bbox 295 2777 463 2856; x_wconf 88' lang='lat' dir='ltr'>praeterea</span> <span class='ocrx_word' id='word_1_139' title='bbox 484 2787 602 2849; x_wconf 85' lang='lat' dir='ltr'>magna</span> <span class='ocrx_word' id='word_1_140' title='bbox 626 2765 769 2850; x_wconf 86' lang='lat' dir='ltr'>experti</span> <span class='ocrx_word' id='word_1_141' title='bbox 793 2785 880 2830; x_wconf 88' lang='lat' dir='ltr'>mare</span> <span class='ocrx_word' id='word_1_142' title='bbox 903 2766 1017 2830; x_wconf 89' lang='lat' dir='ltr'>montis</span> <span class='ocrx_word' id='word_1_143' title='bbox 1040 2769 1081 2830; x_wconf 90' lang='lat' dir='ltr'>ad</span> <span class='ocrx_word' id='word_1_144' title='bbox 1105 2767 1173 2833; x_wconf 90' lang='lat' dir='ltr'>eius</span> 
     </span>
     <span class='ocr_line' id='line_1_22' title="bbox 222 2881 1096 2964; baseline -0.009 -10"><span class='ocrx_word' id='word_1_145' title='bbox 222 2908 271 2954; x_wconf 79' lang='lat' dir='ltr'>cos</span> <span class='ocrx_word' id='word_1_146' title='bbox 297 2884 424 2950; x_wconf 83' lang='lat' dir='ltr'>radices</span> <span class='ocrx_word' id='word_1_147' title='bbox 446 2883 565 2964; x_wconf 84' lang='lat' dir='ltr'>liaugit</span> <span class='ocrx_word' id='word_1_148' title='bbox 586 2881 699 2946; x_wconf 89' lang='lat' dir='ltr'>fluctus</span> <span class='ocrx_word' id='word_1_149' title='bbox 723 2887 910 2963; x_wconf 84' lang='lat' dir='ltr'>aestumque</span> <span class='ocrx_word' id='word_1_150' title='bbox 932 2882 1096 2947; x_wconf 78' lang='lat' dir='ltr'>resorbet.</span> 
     </span>
     <span class='ocr_line' id='line_1_23' title="bbox 297 2996 1152 3080; baseline 0 -16"><span class='ocrx_word' id='word_1_151' title='bbox 297 3020 337 3064; x_wconf 90' lang='lat' dir='ltr'>ex</span> <span class='ocrx_word' id='word_1_152' title='bbox 359 2999 542 3080; x_wconf 89' lang='lat' dir='ltr'>hocusque</span> <span class='ocrx_word' id='word_1_153' title='bbox 565 2996 645 3060; x_wconf 89' lang='lat' dir='ltr'>mari</span> <span class='ocrx_word' id='word_1_154' title='bbox 668 2997 841 3080; x_wconf 87' lang='lat' dir='ltr'>speluncae</span> <span class='ocrx_word' id='word_1_155' title='bbox 862 2997 980 3062; x_wconf 90' lang='lat' dir='ltr'>montis</span> <span class='ocrx_word' id='word_1_156' title='bbox 1003 2997 1045 3060; x_wconf 91' lang='lat' dir='ltr'>ad</span> <span class='ocrx_word' id='word_1_157' title='bbox 1069 2999 1152 3064; x_wconf 86' lang='lat' dir='ltr'>altas</span> 
     </span>
     <span class='ocr_line' id='line_1_24' title="bbox 296 3109 1129 3199; baseline -0.002 -21"><span class='ocrx_word' id='word_1_158' title='bbox 296 3113 484 3199; x_wconf 87' lang='lat' dir='ltr'>perveniunt</span> <span class='ocrx_word' id='word_1_159' title='bbox 506 3113 613 3178; x_wconf 90' lang='lat' dir='ltr'>subter</span> <span class='ocrx_word' id='word_1_160' title='bbox 635 3110 745 3176; x_wconf 81' lang='lat' dir='ltr'>fauces</span> <span class='ocrx_word' id='word_1_161' title='bbox 759 3160 766 3175; x_wconf 92' lang='lat'><strong>.</strong></span> <span class='ocrx_word' id='word_1_162' title='bbox 782 3109 844 3175; x_wconf 90' lang='lat' dir='ltr'>hac</span> <span class='ocrx_word' id='word_1_163' title='bbox 865 3111 911 3176; x_wconf 90' lang='lat' dir='ltr'>ire</span> <span class='ocrx_word' id='word_1_164' title='bbox 934 3109 1129 3176; x_wconf 81' lang='lat' dir='ltr'>fatendumst</span> 
     </span>
     <span class='ocr_line' id='line_1_25' title="bbox 297 3227 1183 3314; baseline -0.003 -20"><span class='ocrx_word' id='word_1_165' title='bbox 297 3234 329 3295; x_wconf 87' lang='lat' dir='ltr'>et</span> <span class='ocrx_word' id='word_1_166' title='bbox 350 3234 519 3313; x_wconf 89' lang='lat' dir='ltr'>penetrare</span> <span class='ocrx_word' id='word_1_167' title='bbox 543 3227 638 3292; x_wconf 90' lang='lat' dir='ltr'>meris</span> <span class='ocrx_word' id='word_1_168' title='bbox 662 3227 789 3311; x_wconf 90' lang='lat' dir='ltr'>penitus</span> <span class='ocrx_word' id='word_1_169' title='bbox 811 3233 961 3311; x_wconf 89' lang='lat' dir='ltr'>percocta</span> <span class='ocrx_word' id='word_1_170' title='bbox 984 3227 1015 3291; x_wconf 93' lang='lat' dir='ltr'>in</span> <span class='ocrx_word' id='word_1_171' title='bbox 1039 3234 1183 3314; x_wconf 88' lang='lat' dir='ltr'>apertum</span> 
     </span>
     <span class='ocr_line' id='line_1_26' title="bbox 297 3340 1172 3426; baseline -0.001 -18"><span class='ocrx_word' id='word_1_172' title='bbox 297 3351 395 3426; x_wconf 90' lang='lat' dir='ltr'>atque</span> <span class='ocrx_word' id='word_1_173' title='bbox 419 3342 529 3408; x_wconf 82' lang='lat' dir='ltr'>efflare</span> <span class='ocrx_word' id='word_1_174' title='bbox 552 3341 659 3420; x_wconf 88' lang='lat' dir='ltr'>foras,</span> <span class='ocrx_word' id='word_1_175' title='bbox 675 3342 812 3425; x_wconf 89' lang='lat' dir='ltr'>ideoque</span> <span class='ocrx_word' id='word_1_176' title='bbox 835 3343 988 3408; x_wconf 86' lang='lat' dir='ltr'>extollere</span> <span class='ocrx_word' id='word_1_177' title='bbox 1009 3340 1172 3407; x_wconf 88' lang='lat' dir='ltr'>flammam</span> 
     </span>
     <span class='ocr_line' id='line_1_27' title="bbox 224 3456 1137 3539; baseline -0.002 -15"><span class='ocrx_word' id='word_1_178' title='bbox 224 3479 272 3526; x_wconf 80' lang='lat' dir='ltr'>roo</span> <span class='ocrx_word' id='word_1_179' title='bbox 298 3477 440 3539; x_wconf 86' lang='lat' dir='ltr'>saxaque</span> <span class='ocrx_word' id='word_1_180' title='bbox 464 3457 642 3522; x_wconf 88' lang='lat' dir='ltr'>subiectare</span> <span class='ocrx_word' id='word_1_181' title='bbox 666 3463 697 3521; x_wconf 93' lang='lat' dir='ltr'>et</span> <span class='ocrx_word' id='word_1_182' title='bbox 719 3476 836 3521; x_wconf 89' lang='lat' dir='ltr'>arenae</span> <span class='ocrx_word' id='word_1_183' title='bbox 857 3457 970 3521; x_wconf 90' lang='lat' dir='ltr'>tollere</span> <span class='ocrx_word' id='word_1_184' title='bbox 993 3456 1137 3524; x_wconf 92' lang='lat' dir='ltr'>nimbos.</span> 
     </span>
     <span class='ocr_line' id='line_1_28' title="bbox 297 3571 1135 3656; baseline -0.001 -20"><span class='ocrx_word' id='word_1_185' title='bbox 297 3573 330 3636; x_wconf 93' lang='lat' dir='ltr'>in</span> <span class='ocrx_word' id='word_1_186' title='bbox 354 3593 476 3637; x_wconf 88' lang='lat' dir='ltr'>summo</span> <span class='ocrx_word' id='word_1_187' title='bbox 500 3579 573 3636; x_wconf 89' lang='lat' dir='ltr'>sunt</span> <span class='ocrx_word' id='word_1_188' title='bbox 593 3571 713 3638; x_wconf 88' lang='lat' dir='ltr'>vertice</span> <span class='ocrx_word' id='word_1_189' title='bbox 736 3571 821 3635; x_wconf 90' lang='lat' dir='ltr'>enim</span> <span class='ocrx_word' id='word_1_190' title='bbox 843 3578 1002 3656; x_wconf 75' lang='lat' dir='ltr'>crateres,</span> <span class='ocrx_word' id='word_1_191' title='bbox 1019 3579 1053 3635; x_wconf 91' lang='lat' dir='ltr'>ut</span> <span class='ocrx_word' id='word_1_192' title='bbox 1074 3571 1135 3656; x_wconf 90' lang='lat' dir='ltr'>ipsi</span> 
     </span>
     <span class='ocr_line' id='line_1_29' title="bbox 296 3683 1209 3768; baseline 0 -16"><span class='ocrx_word' id='word_1_193' title='bbox 296 3687 488 3753; x_wconf 91' lang='lat' dir='ltr'>nominitant</span> <span class='ocrx_word' id='word_1_194' title='bbox 501 3711 508 3766; x_wconf 93' lang='lat'>;</span> <span class='ocrx_word' id='word_1_195' title='bbox 523 3708 583 3753; x_wconf 92' lang='lat' dir='ltr'>nos</span> <span class='ocrx_word' id='word_1_196' title='bbox 606 3684 693 3768; x_wconf 93' lang='lat' dir='ltr'>quod</span> <span class='ocrx_word' id='word_1_197' title='bbox 716 3685 828 3750; x_wconf 86' lang='lat' dir='ltr'>fauces</span> <span class='ocrx_word' id='word_1_198' title='bbox 849 3683 1055 3768; x_wconf 89' lang='lat' dir='ltr'>perhibemus</span> <span class='ocrx_word' id='word_1_199' title='bbox 1077 3695 1110 3752; x_wconf 87' lang='lat' dir='ltr'>et</span> <span class='ocrx_word' id='word_1_200' title='bbox 1132 3709 1209 3754; x_wconf 85' lang='lat' dir='ltr'>ora.</span> 
     </span>
     <span class='ocr_line' id='line_1_30' title="bbox 308 3802 1342 3885; baseline 0 -17"><span class='ocrx_word' id='word_1_201' title='bbox 308 3813 315 3827; x_wconf 82' lang='grc'><strong>“</strong></span> <span class='ocrx_word' id='word_1_202' title='bbox 337 3803 417 3868; x_wconf 85' lang='lat' dir='ltr'>Sunt</span> <span class='ocrx_word' id='word_1_203' title='bbox 439 3803 561 3885; x_wconf 92' lang='lat' dir='ltr'>aliquot</span> <span class='ocrx_word' id='word_1_204' title='bbox 583 3821 709 3884; x_wconf 92' lang='lat' dir='ltr'>quoque</span> <span class='ocrx_word' id='word_1_205' title='bbox 731 3820 783 3864; x_wconf 89' lang='lat' dir='ltr'>res</span> <span class='ocrx_word' id='word_1_206' title='bbox 806 3821 939 3883; x_wconf 89' lang='lat' dir='ltr'>quarum</span> <span class='ocrx_word' id='word_1_207' title='bbox 962 3822 1060 3866; x_wconf 90' lang='lat' dir='ltr'>unam</span> <span class='ocrx_word' id='word_1_208' title='bbox 1084 3802 1189 3868; x_wconf 91' lang='lat' dir='ltr'>dicere</span> <span class='ocrx_word' id='word_1_209' title='bbox 1213 3825 1342 3870; x_wconf 89' lang='lat' dir='ltr'>causam</span> 
     </span>
     <span class='ocr_line' id='line_1_31' title="bbox 300 3916 1224 4002; baseline 0 -20"><span class='ocrx_word' id='word_1_210' title='bbox 300 3939 365 3982; x_wconf 93' lang='lat' dir='ltr'>uon</span> <span class='ocrx_word' id='word_1_211' title='bbox 387 3918 466 3983; x_wconf 87' lang='lat' dir='ltr'>satis</span> <span class='ocrx_word' id='word_1_212' title='bbox 490 3924 558 3996; x_wconf 88' lang='lat' dir='ltr'>est,</span> <span class='ocrx_word' id='word_1_213' title='bbox 574 3937 682 3982; x_wconf 86' lang='lat' dir='ltr'>verum</span> <span class='ocrx_word' id='word_1_214' title='bbox 706 3916 826 4002; x_wconf 85' lang='lat' dir='ltr'>pluris,</span> <span class='ocrx_word' id='word_1_215' title='bbox 843 3916 928 3981; x_wconf 91' lang='lat' dir='ltr'>unde</span> <span class='ocrx_word' id='word_1_216' title='bbox 948 3936 1013 3980; x_wconf 91' lang='lat' dir='ltr'>una</span> <span class='ocrx_word' id='word_1_217' title='bbox 1034 3924 1140 3982; x_wconf 90' lang='lat' dir='ltr'>tamen</span> <span class='ocrx_word' id='word_1_218' title='bbox 1164 3918 1224 4002; x_wconf 80' lang='lat' dir='ltr'>sit3</span> 
     </span>
     <span class='ocr_line' id='line_1_32' title="bbox 226 4031 1168 4117; baseline -0.001 -19"><span class='ocrx_word' id='word_1_219' title='bbox 226 4053 274 4101; x_wconf 76' lang='lat' dir='ltr'>roo</span> <span class='ocrx_word' id='word_1_220' title='bbox 300 4052 415 4116; x_wconf 85' lang='lat' dir='ltr'>corpus</span> <span class='ocrx_word' id='word_1_221' title='bbox 437 4038 472 4096; x_wconf 91' lang='lat' dir='ltr'>ut</span> <span class='ocrx_word' id='word_1_222' title='bbox 494 4032 676 4098; x_wconf 89' lang='lat' dir='ltr'>exanimum</span> <span class='ocrx_word' id='word_1_223' title='bbox 700 4031 816 4115; x_wconf 55' lang='lat' dir='ltr'>simod</span> <span class='ocrx_word' id='word_1_224' title='bbox 837 4032 950 4117; x_wconf 88' lang='lat' dir='ltr'>procul</span> <span class='ocrx_word' id='word_1_225' title='bbox 972 4032 1041 4117; x_wconf 85' lang='lat' dir='ltr'>ipso</span> <span class='ocrx_word' id='word_1_226' title='bbox 1063 4031 1168 4098; x_wconf 87' lang='lat' dir='ltr'>iacere</span> 
     </span>
    </p>
   </div>
   <div class='ocr_carea' id='block_1_3' title="bbox 298 4209 500 4216">
    <p class='ocr_par' dir='ltr' id='par_1_3' title="bbox 298 4209 500 4216">
     <span class='ocr_line' id='line_1_33' title="bbox 298 4209 500 4216; baseline -0.01 0"><span class='ocrx_word' id='word_1_227' title='bbox 298 4209 500 4216; x_wconf 67' lang='lat'>——</span> 
     </span>
    </p>
   </div>
   <div class='ocr_carea' id='block_1_4' title="bbox 302 4304 1421 4465">
    <p class='ocr_par' dir='ltr' id='par_1_4' title="bbox 302 4304 1421 4465">
     <span class='ocr_line' id='line_1_34' title="bbox 302 4304 1421 4379; baseline 0.001 -22"><span class='ocrx_word' id='word_1_228' title='bbox 302 4311 352 4357; x_wconf 90' lang='grc'>676</span> <span class='ocrx_word' id='word_1_229' title='bbox 372 4308 471 4357; x_wconf 83' lang='lat' dir='ltr'>omnis.</span> <span class='ocrx_word' id='word_1_230' title='bbox 493 4306 505 4375; x_wconf 70' lang='lat' dir='ltr'>ll</span> <span class='ocrx_word' id='word_1_231' title='bbox 527 4309 577 4357; x_wconf 83' lang='grc'>683</span> <span class='ocrx_word' id='word_1_232' title='bbox 596 4307 707 4358; x_wconf 80' lang='lat' dir='ltr'>uillicum</span> <span class='ocrx_word' id='word_1_233' title='bbox 730 4304 744 4375; x_wconf 69' lang='lat' dir='ltr'>ll</span> <span class='ocrx_word' id='word_1_234' title='bbox 768 4310 817 4358; x_wconf 90' lang='grc'>687</span> <span class='ocrx_word' id='word_1_235' title='bbox 837 4308 946 4372; x_wconf 85' lang='lat' dir='ltr'>contigit</span> <span class='ocrx_word' id='word_1_236' title='bbox 966 4307 979 4376; x_wconf 69' lang='lat' dir='ltr'>li</span> <span class='ocrx_word' id='word_1_237' title='bbox 1000 4311 1050 4358; x_wconf 90' lang='grc'>690</span> <span class='ocrx_word' id='word_1_238' title='bbox 1069 4309 1138 4371; x_wconf 86' lang='lat' dir='ltr'>itque</span> <span class='ocrx_word' id='word_1_239' title='bbox 1158 4305 1172 4374; x_wconf 77' lang='grc' dir='ltr'>ΙΙ</span> <span class='ocrx_word' id='word_1_240' title='bbox 1193 4309 1242 4358; x_wconf 79' lang='grc'>695</span> <span class='ocrx_word' id='word_1_241' title='bbox 1262 4309 1385 4359; x_wconf 87' lang='lat' dir='ltr'>resolvet.</span> <span class='ocrx_word' id='word_1_242' title='bbox 1407 4308 1421 4379; x_wconf 75' lang='grc' dir='ltr'>Η</span> 
     </span>
     <span class='ocr_line' id='line_1_35' title="bbox 302 4394 1301 4465; baseline 0.003 -24"><span class='ocrx_word' id='word_1_243' title='bbox 302 4397 352 4443; x_wconf 84' lang='grc'>698</span> <span class='ocrx_word' id='word_1_244' title='bbox 370 4395 434 4444; x_wconf 85' lang='lat' dir='ltr'>mari</span> <span class='ocrx_word' id='word_1_245' title='bbox 452 4395 552 4459; x_wconf 88' lang='lat' dir='ltr'>penitus</span> <span class='ocrx_word' id='word_1_246' title='bbox 571 4409 609 4444; x_wconf 85' lang='lat' dir='ltr'>res</span> <span class='ocrx_word' id='word_1_247' title='bbox 628 4395 699 4459; x_wconf 86' lang='lat' dir='ltr'>cogit</span> <span class='ocrx_word' id='word_1_248' title='bbox 717 4403 821 4460; x_wconf 85' lang='lat' dir='ltr'>aperto.</span> <span class='ocrx_word' id='word_1_249' title='bbox 843 4394 855 4464; x_wconf 70' lang='lat' dir='ltr'>ll</span> <span class='ocrx_word' id='word_1_250' title='bbox 878 4399 924 4447; x_wconf 92' lang='grc'>701</span> <span class='ocrx_word' id='word_1_251' title='bbox 945 4396 1065 4448; x_wconf 85' lang='lat' dir='ltr'>vertieeni</span> <span class='ocrx_word' id='word_1_252' title='bbox 1087 4395 1100 4465; x_wconf 71' lang='lat' dir='ltr'>ll</span> <span class='ocrx_word' id='word_1_253' title='bbox 1123 4399 1172 4448; x_wconf 84' lang='grc'>705</span> <span class='ocrx_word' id='word_1_254' title='bbox 1191 4397 1301 4446; x_wconf 87' lang='lat' dir='ltr'>iaceret.</span> 
     </span>
    </p>
   </div>
   <div class='ocr_carea' id='block_1_5' title="bbox 0 0 1592 5032">
    <p class='ocr_par' dir='ltr' id='par_1_5' title="bbox 0 0 1592 5032">
     <span class='ocr_line' id='line_1_36' title="bbox 0 0 1592 5032; baseline 0 0"><span class='ocrx_word' id='word_1_255' title='bbox 0 0 1592 5032; x_wconf 95' lang='lat' dir='ltr'> </span> 
     </span>
    </p>
   </div>
  </div>
 </body>
</html>
