3108 5034
296 401 338 463 80
834 394 878 458 ΠΙ

295 568 430 646 apparet
453 561 560 628 divum
581 581 698 628 numen
721 563 880 645 sedesque
903 565 1050 646 quietae,

295 697 376 758 quas
398 696 504 758 neque
527 676 709 742 eoneutiunt
732 677 816 741 venti
839 698 898 744 nee
919 678 1031 743 nubila
1052 678 1169 743 nimbis

238 811 271 858 20
296 797 469 874 aspergunt
491 812 596 873 neque
617 792 673 854 nix
695 791 759 855 aeri
782 798 929 858 eonereta
951 792 1066 874 pruina

296 925 377 970 cana
400 905 516 971 uadens
538 905 637 970 violat
659 924 847 988 semperque
870 906 1030 970 innubilus
1053 907 1164 972 aether

294 1019 428 1100 integit,
446 1024 477 1082 et
499 1020 587 1100 large
610 1019 726 1083 diffuso
749 1019 869 1083 iumine
892 1019 1019 1084 rident:

296 1133 403 1198 emnia
425 1132 608 1217 suppeditat
629 1154 724 1218 porro
748 1137 881 1210 natura,
905 1152 1010 1214 neque
1034 1133 1100 1197 ulla

295 1266 348 1312 res
371 1248 469 1311 animi
493 1268 603 1331 pacem
627 1247 747 1312 delibat
769 1253 912 1329 tempore
934 1247 966 1311 in
989 1247 1076 1312 ulio.

239 1380 271 1427 au
298 1368 332 1425 at
353 1368 462 1426 eontra
484 1383 640 1445 nusquam
664 1369 821 1446 apparent
844 1361 1018 1427 Acherusia
1041 1362 1181 1444 templa,

297 1497 357 1541 nee
379 1479 473 1543 tellus
496 1480 602 1544 obstat
623 1478 699 1560 quin
722 1479 828 1542 omnia
855 1475 1085 1561 dispiciantur,

298 1593 355 1655 sub
378 1593 512 1676 pedibus
536 1611 618 1674 quae
642 1612 776 1674 eumque
797 1590 881 1656 infra
902 1611 961 1675 per
982 1590 1079 1655 inane
1101 1597 1274 1673 geruntur.

298 1706 346 1769 his
369 1705 412 1770 ibi
435 1725 485 1768 me
509 1705 605 1771 rebus
629 1705 788 1787 quaedam
812 1706 919 1770 diviua
941 1706 1090 1788 voluptas

297 1819 433 1904 percipit
454 1820 559 1900 adque
582 1820 713 1904 horror,
730 1821 816 1903 quod
839 1820 886 1885 sie
908 1825 1020 1883 natura
1042 1825 1098 1883 tua
1120 1819 1153 1883 vi

241 1953 274 1999 eo
299 1940 361 1996 tam
385 1931 554 1998 manifesta
575 1940 691 2017 patens
715 1955 754 1998 ex
777 1935 863 1999 omni
886 1939 976 2017 parte
998 1938 1119 1997 retecta
1141 1938 1208 1997 est.

338 2049 378 2112 Et
401 2049 550 2129 quoniam
573 2048 686 2133 doeui,
704 2055 885 2113 cunctarum
908 2047 1041 2114 exordia
1061 2067 1165 2111 rerum

300 2162 410 2243 qualia
433 2160 496 2227 sint
519 2169 549 2227 et
572 2183 665 2244 quam
688 2164 785 2228 variis
809 2162 961 2227 distantia
984 2160 1095 2225 formis

300 2282 414 2360 sponte
437 2297 496 2342 sua
517 2277 648 2342 volitent
670 2283 802 2342 aeterno
824 2277 947 2360 percita
968 2283 1077 2353 motu,

300 2412 402 2473 quove
424 2392 520 2456 modo
542 2391 666 2476 possint
688 2411 739 2456 res
761 2411 801 2456 ex
823 2393 872 2458 his
896 2409 1041 2474 quaeque
1064 2389 1185 2466 creari,

244 2525 275 2573 35
301 2507 397 2571 hasee
420 2505 593 2571 seeundum
616 2525 667 2570 res
689 2506 785 2570 animi
809 2513 922 2570 natura
943 2503 1066 2567 videtur

300 2627 395 2702 atque
418 2621 543 2685 animae
566 2619 719 2684 claranda
741 2620 819 2686 meis
842 2621 907 2685 iam
929 2621 1073 2685 versibus
1096 2637 1190 2700 esee,

301 2740 333 2800 et
354 2740 456 2798 metus
477 2734 533 2798 ille
555 2733 642 2800 furas
665 2754 819 2818 praeceps
844 2735 1032 2800 Acheruntis
1054 2730 1217 2816 agendus,

300 2848 441 2912 funditus
464 2849 631 2912 humanam
657 2847 709 2928 qui
733 2847 829 2912 vitam
852 2850 958 2912 turbat
980 2849 1021 2911 ab
1044 2847 1129 2921 imo,

302 2961 410 3026 omnia
434 2961 619 3026 suffundens
641 2962 748 3027 mortis
771 2962 920 3044 nigrore,
937 2980 1041 3042 neque
1063 2959 1161 3024 ullam

244 3094 277 3140 40
303 3095 373 3139 esse
395 3077 588 3159 voluptatem
611 3076 764 3158 liquidam
788 3096 962 3160 puramque
983 3074 1153 3157 relinquit.

301 3210 374 3254 nam
398 3190 484 3272 quod
507 3209 604 3274 saepe
628 3190 771 3256 homines
794 3192 923 3256 morbos
945 3190 1051 3272 magis
1075 3206 1145 3252 esse
1164 3184 1322 3250 timendos

303 3305 517 3388 infamemque
539 3305 645 3370 ferunt
667 3305 764 3369 vitam
789 3325 883 3387 quam
905 3308 1042 3369 'Partara
1065 3301 1139 3383 leti,

304 3425 335 3482 et
356 3439 390 3484 se
414 3419 495 3483 seire
517 3419 644 3483 animae
666 3428 812 3498 naturam
834 3417 1000 3502 sanguinis
1027 3434 1119 3490 esse,

245 3553 279 3600 46
305 3538 361 3596 aut
383 3533 477 3598 etiam
499 3534 605 3618 venti,
623 3535 650 3597 si
672 3533 732 3597 fert
752 3535 798 3596 ita
820 3533 903 3597 forte
925 3531 1093 3612 veluntas,

246 3669 280 3714 44
304 3666 364 3711 nee
386 3667 514 3730 prosum
538 3648 706 3729 quiequam
729 3652 857 3712 nostrae
879 3644 1010 3709 rationis
1033 3661 1150 3724 egere,

304 3761 377 3825 hine
399 3760 473 3824 lieet
495 3761 643 3826 advertas
667 3761 808 3825 animum
830 3758 934 3839 magis
958 3756 1066 3822 omnia
1087 3754 1191 3820 laudis

248 3895 280 3941 47
306 3873 419 3940 iactari
442 3893 538 3939 eausa
561 3895 658 3957 quam
682 3875 766 3958 quod
788 3893 840 3938 res
862 3870 1128 3956 ipsa‘prubetur.

307 3995 450 4056 extorres
472 3989 558 4054 idern
580 3989 685 4074 patria
707 3989 867 4070 longeque
888 3984 989 4084 fugati

310 4257 341 4304 21
357 4271 454 4321 semper
474 4251 487 4324 ΙΙ
507 4255 634 4304 arridet.
656 4250 667 4322 Η
690 4257 722 4304 28
741 4252 784 4302 ubi
805 4249 819 4320 ΙΙ
840 4251 1023 4316 resignatum
1044 4246 1057 4317 ΙΙ
1078 4250 1110 4298 33
1130 4247 1227 4296 alterno
1248 4242 1260 4312 Η
1282 4245 1314 4292 39
1334 4241 1433 4292 suffun-

311 4341 373 4390 dens
394 4340 407 4412 Η
427 4347 459 4392 47
479 4357 582 4392 causam
1408 4359 1410 4366 ’
