3108 5034
290 371 333 434 so
554 441 561 454 ‚
847 365 861 429 1

283 536 461 621 principio,
484 555 589 601 rerum
612 555 708 614 quom
732 533 808 599 dicit
830 535 1111 622 homoeomerian,

211 670 261 718 835
287 670 382 734 8888,
406 643 616 754 8888188888
638 649 791 733 pauxillis
814 654 911 731 atque
933 653 1062 717 minutis

288 765 414 830 ossibus
437 764 488 828 hic
511 769 541 828 88
564 763 605 828 dc
627 765 779 848 pauxillis
801 770 897 847 atque
919 765 1047 832 minutis

285 878 459 944 dsceribus
482 879 587 942 viscus
609 877 698 962 gigni
721 899 930 962 sanguenque
952 881 1054 945 creari

285 992 451 1076 sanguinis
473 992 556 1057 inter
578 1011 613 1057 88
635 992 743 1058 multis
767 994 945 1059 coeuntibu’
968 994 1065 1078 guttis

286 1127 327 1171 cx
350 1107 483 1188 aurique
506 1111 597 1190 putat
619 1107 708 1180 micis
732 1107 906 1172 consistere
928 1127 1026 1191 posse

210 1243 261 1288 848
286 1243 398 1286 aurum
421 1227 453 1286 88
475 1222 514 1286 (18
537 1221 766 1287 torristonam
791 1241 997 1287 concrescere
1019 1222 1148 1305 parvis,

284 1335 413 1418 ignibus
436 1354 476 1400 ex
499 1334 600 1418 ignis,
625 1355 767 1400 umorem
790 1337 954 1401 umoribus
981 1355 1074 1419 esse,

286 1457 391 1516 cetera
414 1449 571 1514 consimili
594 1450 684 1534 lingit
705 1451 829 1516 ratione
851 1456 1025 1535 putatque.

284 1586 342 1630 nec
363 1571 471 1628 tamen
494 1581 565 1629 8888
588 1563 655 1627 ulla
676 1563 763 1628 idem
786 1585 825 1630 ex
847 1570 938 1649 parto
960 1564 993 1628 in
1015 1564 1111 1629 rebus
1132 1563 1230 1630 inane

285 1679 450 1762 concedit,
474 1697 579 1760 neque
602 1679 787 1763 corporibus
810 1679 905 1745 linem
928 1698 1000 1744 8888
1023 1678 1193 1744 secandis.

210 1817 260 1864 845
286 1813 385 1877 quare
406 1793 439 1856 in
462 1798 595 1873 utraque
617 1792 694 1856 mihi
716 1795 833 1878 pariter
856 1793 981 1858 ratione
1004 1792 1128 1856 videtur

286 1927 394 1976 errare
416 1913 513 1987 atque
535 1907 601 1990 illi,
625 1927 724 1991 supra
746 1929 827 1990 quos
849 1907 989 1972 diximus
1012 1911 1108 1970 ante.

283 2022 367 2088 adde
391 2021 477 2103 quod
500 2021 651 2086 inbecilla
673 2023 767 2088 nimis
789 2022 966 2107 primordia
987 2020 1096 2104 fingit3

284 2140 311 2204 si
333 2135 508 2222 primordia
531 2141 623 2214 sunt,
647 2136 744 2200 simili
767 2156 847 2218 quae
870 2137 1017 2221 praedita
1040 2140 1188 2199 constant

286 2260 399 2370 natupa
421 2255 517 2332 atque
538 2251 630 2334 ipsae
651 2269 703 2315 888
725 2255 818 2334 sunt,
842 2270 1010 2332 aequeque
1031 2252 1180 2316 laborant

210 2393 260 2439 858
286 2375 318 2434 88
339 2371 493 2450 pereunt,
517 2383 622 2445 neque
644 2364 686 2428 ab
710 2363 806 2427 exilio
829 2384 880 2428 ros
902 2365 970 2428 ulla
990 2365 1152 2444 refrenat.

284 2503 358 2547 nam
382 2478 457 2560 quid
479 2478 513 2541 in
535 2497 690 2562 oppressu
712 2477 818 2542 valido
842 2477 969 2542 durabit
992 2499 1122 2556 eorum,

284 2603 317 2660 ot
339 2600 472 2682 mortem
495 2592 647 2674 effugiat,
671 2592 727 2656 loti
750 2593 809 2658 sub
834 2593 984 2660 dentibus
1006 2594 1113 2678 ipsis?

284 2710 388 2791 ignis,
406 2729 446 2771 an
462 2728 572 2790 umor,
590 2727 632 2771 an
647 2708 751 2770 aura?
768 2706 843 2788 quid
858 2708 996 2772 horum?
1011 2708 1183 2790 sanguen?
1200 2727 1254 2784 os,
1271 2707 1409 2770 aurum?
1502 2789 1516 2804 υ

285 2825 347 2905 nil,
372 2828 406 2884 ul
429 2822 561 2904 opinor,
585 2821 639 2884 ubi
663 2839 703 2884 cx
726 2841 831 2902 aequo
855 2841 906 2885 res
929 2822 1071 2887 funditus
1094 2823 1196 2886 omnis

209 2959 259 3006 855
285 2943 351 3000 lam
373 2934 517 2998 mortalis
540 2933 599 2997 erit
622 2953 718 3014 quam
741 2953 825 3014 quac
847 2935 1020 3000 manifesta
1043 2937 1185 3002 videmus

285 3071 324 3116 ex
347 3047 448 3113 oculis
471 3049 586 3112 nostris
610 3047 720 3130 aliqua
742 3049 771 3112 vi
795 3049 880 3114 victa
901 3051 1028 3133 perire.

283 3171 442 3245 alnoque
465 3162 624 3228 reccidere
648 3149 812 3248 adnilum
834 3184 885 3228 888
908 3185 1003 3249 posse
1026 3183 1130 3245 neque
1153 3169 1259 3227 autem

284 3297 428 3344 crescere
451 3277 490 3342 de
512 3269 577 3341 nilo
600 3282 699 3341 testor
721 3297 773 3341 res
796 3284 871 3344 ante
894 3280 1069 3362 probatas.

283 3400 451 3476 practerea
474 3391 625 3473 quoniam
648 3391 738 3454 cibus
761 3398 860 3475 auget
881 3413 995 3476 corpus
1018 3391 1158 3470 aliique,

208 3529 258 3576 auo
284 3508 365 3572 scire
386 3506 463 3570 licet
485 3505 578 3569 nobis
602 3524 701 3568 venas
724 3511 756 3570 et
779 3525 925 3590 sanguen
947 3515 978 3571 88
1001 3525 1076 3570 ossa

283 3734 350 3799 sive
373 3735 461 3799 cibos
485 3733 587 3797 omnis
610 3735 779 3797 commixto
804 3753 936 3816 corpore
956 3733 1064 3797 dicent

285 3869 356 3916 8888
380 3855 411 3912 88
432 3846 553 3912 habere
575 3847 608 3910 in
631 3867 666 3911 88
690 3867 858 3912 nervorum
882 3867 1018 3930 corpora
1039 3867 1142 3930 parva

288 4023 487 4042 ‘——4——--

284 4151 335 4198 834
354 4164 430 4211 quam
458 4147 471 4216 ll
500 4149 550 4196 835
570 4148 601 4196 de
629 4145 643 4216 ΙΙ
672 4150 720 4197 837
741 4162 911 4210 sanguemque
937 4146 950 4215 Η
980 4150 1030 4198 843
1051 4151 1109 4198 iden
1127 4157 1198 4212 parte
1227 4144 1240 4214 Η
1270 4149 1320 4195 846
1340 4145 1410 4194 suira

184 4283 186 4288 .
284 4238 351 4298 quod
366 4233 380 4304 Η
394 4239 443 4284 847
458 4235 579 4285 inbecilia
594 4233 606 4304 ΙΙ
624 4236 674 4283 852
688 4234 783 4282 efficiat
797 4231 811 4301 ll
826 4237 875 4283 853
889 4235 991 4297 sanguis
1004 4252 1036 4284 an
1049 4252 1093 4284 os.
1109 4235 1122 4301 Η
1137 4249 1227 4282 aurum
1239 4233 1378 4283 omissum.
1394 4229 1408 4298 ΙΙ

287 4326 338 4372 860
356 4323 465 4386 sanguin
486 4321 499 4391 Η
520 4326 568 4372 861
590 4321 650 4371 Sine
671 4321 763 4388 licere
783 4319 797 4387 ll
817 4324 866 4370 862
886 4323 958 4372 Esset
975 4323 1067 4372 habere
