3140 5032
327 387 389 453 248
868 381 911 447 VI

324 553 480 634 languida
502 553 676 617 semanimo
699 575 769 619 oum
794 575 926 638 eorpore
950 556 1091 620 membra
1113 555 1240 620 videres

325 667 454 732 horrida
476 668 617 750 paedore
640 674 672 732 et
694 669 809 751 pannis
831 677 983 753 cooperta
1005 670 1130 753 perire,

244 803 311 850 1270
328 781 487 868 [eorporis
509 781 649 864 inluvie,
667 781 743 864 pelli
765 801 862 866 super
884 783 1008 850 ossibus
1031 803 1097 848 una
1110 782 1135 870 ‚]

325 897 485 962 uleeribus
507 895 615 960 taetris
638 915 737 980 prope
759 897 826 960 iam
849 896 1000 978 sordique
1022 897 1167 980 sepulta.

327 1012 434 1078 omnia
456 1011 594 1092 denique
617 1017 728 1076 saneta
751 1010 846 1075 deum
868 1010 1003 1076 delubra
1025 1011 1166 1096 replerat

327 1126 514 1207 corporibus
536 1146 622 1190 mors
644 1125 800 1190 exanimis
824 1131 1022 1208 onerataque
1044 1127 1164 1210 passim

326 1247 439 1306 cuneta
461 1240 673 1305 nadaveribus
696 1241 868 1306 caelestum
891 1242 1011 1324 templa
1033 1241 1182 1324 tenebat,

244 1376 309 1422 raro
326 1356 503 1440 hospitibus
524 1356 597 1420 looa
620 1375 704 1437 quae
726 1356 922 1438 eomplerant
944 1355 1164 1421 aedituentes.

327 1491 387 1535 neo
408 1471 470 1534 iarn
493 1471 608 1552 religio
632 1471 739 1534 divom
761 1491 821 1536 nee
843 1471 974 1534 numina
996 1471 1105 1556 magni

326 1586 547 1670 pendebantur
570 1585 673 1649 enim:
691 1605 844 1668 praesens
867 1585 959 1649 dolor
982 1585 1216 1668 exsuperabat.

327 1721 385 1765 nee
408 1719 476 1764 mos
498 1699 553 1764 ille
576 1699 762 1782 sepulturae
784 1701 973 1764 remanebat
994 1701 1026 1764 in
1049 1701 1148 1782 urbe,

326 1837 390 1898 quo
412 1815 484 1897 pius
507 1813 559 1876 bio
581 1813 717 1895 populus
740 1833 866 1896 semper
888 1820 1058 1879 eousuerat
1078 1813 1221 1877 humari:

244 1953 311 2000 raso
326 1929 527 2015 perturbatus
550 1927 632 1990 enim
657 1935 740 1993 totns
762 1927 961 2012 trepidabat,
979 1934 1011 1994 et
1032 1948 1115 1992 unus

326 2044 459 2127 quisque
482 2061 572 2106 suurn
597 2063 653 2125 pro
677 2063 710 2106 re
734 2048 921 2126 nonpostum
946 2051 1083 2109 maestus
1107 2044 1277 2108 humabat.

326 2161 488 2240 multaque
510 2178 562 2224 res
584 2158 710 2224 subitae
733 2165 764 2224 et
785 2167 957 2243 paupertas
979 2159 1110 2225 horrida
1131 2159 1253 2224 suasit:

326 2293 465 2357 namque
487 2294 563 2339 suos
585 2275 840 2355 consanguineos
863 2273 970 2338 aliena
992 2294 1141 2356 rogorum

325 2390 455 2474 iusuper
476 2395 619 2454 exbuota
640 2389 761 2472 ingenti
785 2388 923 2453 elamore
946 2388 1115 2466 loeabant‚

244 2527 310 2574 1285
327 2504 571 2588 subdebantque
594 2503 702 2585 faaes,
720 2504 817 2568 multo
841 2522 911 2602 oqm
936 2503 1093 2587 sanguine
1120 2523 1217 2587 saepe

326 2621 467 2686 rixantes
487 2620 594 2704 potius
618 2639 713 2701 quam
738 2638 873 2701 eorpora
896 2617 1137 2683 desererentur.

332 2882 399 2929 1270
412 2879 484 2943 pellis
503 2875 516 2945 Η
538 2881 603 2926 1271
618 2877 753 2927 Viceribus
765 2873 779 2944 Η
793 2877 915 2937 sordeque
936 2875 948 2942 ΙΙ
971 2879 1037 2925 1272
1051 2875 1163 2926 rellerat.
1179 2875 1191 2940 tt
1207 2877 1272 2922 1274
1284 2871 1414 2920 manebat.
1434 2871 1449 2941 Η

332 2969 395 3016 1281
412 2975 562 3030 conpostum
574 2966 713 3017 omissum.
734 2961 748 3032 Η
772 2966 837 3013 1282
855 2979 893 3014 res
906 2965 1044 3014 omissum.
1067 2965 1079 3029 ΙΙ
1099 2961 1195 3014 subitas
1213 2958 1226 3028 tt
1247 2960 1312 3008 1287)
1325 2957 1413 3006 fauoes
