3140 5036
269 337 328 402 136
795 332 860 394 llll

267 507 315 567 666
338 501 465 584 aliquae
488 507 522 565 ut
544 519 697 585 serpens,
714 499 850 566 hominis
874 521 957 583 quae
978 506 1065 566 tacta
1087 501 1198 568 salivis
1234 487 1238 495 ¹

265 615 399 700 disperit
421 635 459 680 ac
482 634 554 679 sese
576 614 761 680 mandendo
785 615 910 680 conticit
932 617 1025 700 ipsa.

110 727 113 733 ’
192 753 242 800 ouo
267 735 433 817 praeterea
456 715 549 794 nobis
572 735 728 828 veratrum
753 735 800 794 est
822 750 896 795 acre
918 751 1096 808 venenum,

266 851 300 908 at
321 845 426 928 capris
449 845 562 928 adipes
585 849 616 908 et
637 845 851 910 coturnicibus
874 850 990 929 auget.

266 964 300 1022 ut
322 959 436 1040 quibus
458 959 490 1022 id
512 959 567 1023 fiat
590 959 684 1023 rebus
707 979 902 1041 cognoscere
924 961 1049 1044 possis,

267 1073 423 1158 principio
447 1074 629 1138 meminisse
653 1073 744 1138 decet
767 1093 849 1155 quae
873 1073 1011 1140 diximus
1034 1082 1128 1160 ante,

268 1188 388 1252 semina
410 1188 605 1252 multimodis
627 1187 660 1250 in
683 1188 778 1252 rebus
800 1189 899 1252 mixta
921 1189 1040 1254 teneri.

192 1322 242 1369 645
267 1323 362 1385 porro
386 1321 496 1366 666666
520 1321 758 1384 quaecumque
782 1302 884 1366 eibum
909 1304 1037 1391 capiunt
1060 1303 1260 1381 animantes,

266 1422 300 1480 ut
322 1420 395 1480 sunt
418 1416 589 1481 dissimiles
613 1416 809 1486 extrinsecus
832 1417 1063 1500 etgeneratim

269 1531 387 1596 extima
410 1531 623 1595 membrorum
646 1530 763 1594 circum
787 1550 918 1596 caesura
941 1537 1082 1609 oo'e'rcet,

269 1645 402 1731 proinde
428 1664 467 1707 ex
490 1644 664 1710 seminibus
687 1649 833 1710 constant
855 1646 999 1709 variante
1021 1646 1143 1728 figura.

268 1761 391 1826 semina
414 1779 484 1825 oum
507 1780 603 1844 porro
627 1759 763 1838 distent,
780 1758 909 1824 differre
930 1767 1093 1826 necessest

196 1894 245 1941 656
270 1875 441 1939 intervalla
462 1873 617 1956 viasque,
634 1873 789 1937 foramina
812 1893 895 1955 quac
919 1873 1144 1957 perhibemus,

269 1988 416 2054 omnibus
438 1989 471 2051 in
494 1988 644 2052 membris
667 1987 753 2052 etin
776 2008 831 2054 ore
853 1989 988 2072 ipsoque
1009 1990 1138 2074 palato:

270 2122 341 2168 esse
362 2102 488 2167 minora
510 2102 607 2186 igitur
631 2101 787 2184 quaedam
810 2103 994 2186 maioraque
1017 2103 1154 2190 debent,

270 2237 339 2282 esse
362 2217 518 2299 triquetra
541 2217 633 2294 aliis,
652 2217 725 2280 aliis
748 2219 905 2299 quadrata
927 2224 1109 2302 necessest,

263 2329 367 2397 'multa
391 2332 545 2416 rutunda,
563 2332 667 2396 modis
690 2333 795 2398 multis
818 2333 1017 2417 multangula
1040 2335 1220 2417 quaedam.

196 2469 245 2516 655
269 2467 407 2529 namque
431 2448 603 2528 figurarum
625 2447 707 2511 ratio
731 2455 764 2510 ut
786 2454 953 2530 motusque
975 2421 1164 2534 reposcunt,

267 2563 401 2647 proinde
423 2561 631 2644 foraminibus
654 2561 772 2628 debent
795 2562 922 2627 differre
944 2562 1087 2648 figurae,

271 2683 302 2743 66
323 2677 448 2742 variare
471 2677 542 2741 viae
564 2675 698 2759 proinde
721 2697 760 2741 66
782 2683 908 2742 textura
930 2685 1073 2743 coercet.

271 2792 332 2856 boc
354 2791 406 2856 ubi
432 2792 516 2874 quod
540 2811 637 2856 suave
661 2797 709 2855 666
731 2791 801 2856 aliis
824 2791 896 2856 aliis
918 2793 952 2855 fit
974 2813 1136 2877 amarum,

269 2907 335 2984 illi,
351 2908 400 2972 cui
424 2926 523 2972 suave
546 2911 612 2990 est,
629 2905 791 2970 levissima
814 2925 949 2990 corpora
973 2907 1091 2972 debent

199 3041 249 3090 666
275 3021 542 3086 contractabiliter
564 3021 672 3085 caulas
694 3009 813 3084 iritrare
836 3020 954 3104 palati,

272 3141 304 3199 66
327 3140 435 3199 contra
459 3135 574 3216 quibus
598 3141 646 3200 est
668 3137 782 3200 eadem
806 3155 858 3201 res
880 3136 964 3201 intus
987 3137 1123 3215 acerba,

272 3268 409 3333 aspera,
426 3250 459 3312 ni
480 3249 614 3334 mirum,
631 3255 801 3332 penetrant
822 3249 1017 3332 hamataque
1040 3250 1174 3316 fauces,

197 3387 245 3433 676
272 3370 406 3446 utraque
429 3364 513 3429 enim
536 3364 662 3428 suntin
685 3364 789 3428 mellis
811 3364 982 3429 commixta
1005 3385 1140 3449 sapore;

270 3478 303 3542 id
327 3477 496 3560 quodiam
519 3498 636 3562 supera
658 3479 713 3542 tibi
739 3497 835 3561 saepe
858 3479 1055 3542 ostendimus
1079 3484 1173 3544 ante.
1237 3459 1248 3501 ⁵·

197 3614 246 3660 663
271 3612 356 3656 6666
378 3591 471 3656 facile
495 3599 543 3658 est
565 3613 605 3658 ex
627 3592 676 3657 his
698 3593 794 3657 rebus
818 3611 1012 3674 cognoscere
1036 3613 1204 3676 quaeque:

275 3707 414 3791 quippe,
431 3706 486 3770 ubi
508 3707 558 3772 cui
580 3706 678 3770 febris
701 3706 757 3769 bili
780 3711 950 3790 superante
974 3715 1084 3772 coorta
1107 3715 1155 3772 est

200 3844 249 3892 665
276 3827 331 3886 666
354 3821 418 3886 alia
442 3823 565 3886 ratione
590 3821 729 3902 aliquast
750 3819 801 3885 vis
825 3821 929 3885 exeita
951 3823 1073 3899 morbi,

274 3937 479 4022 perturbatur
502 3936 545 4000 ibi
568 3937 632 4000 iam
655 3940 755 4000 totum
779 3955 911 4018 corpus,
929 3942 961 4000 66
984 3955 1095 4002 omnes

279 4207 328 4253 638
347 4205 432 4266 itaque
458 4199 471 4271 ll
496 4205 544 4251 641
565 4203 752 4253 cocturnicibus
778 4199 790 4270 ll
817 4203 915 4252 64616
937 4199 949 4270 Η
969 4211 997 4252 66
1023 4200 1036 4272 ll
1064 4205 1113 4253 648
1133 4211 1158 4252 66
1179 4197 1191 4269 Η
1211 4202 1358 4263 variantque
1379 4197 1392 4266 Η

279 4293 327 4341 659
348 4307 454 4357 corpore
474 4286 487 4357 Η
509 4292 559 4339 660
579 4292 671 4341 caudas
692 4287 704 4358 Η
726 4293 774 4339 662
795 4290 922 4338 uirnorum
