3108 5034
281 299 292 328 0

288 403 324 464 10
836 399 849 462 1

283 587 365 648 quae
389 587 447 631 nos
471 567 626 631 secundas
650 574 808 633 vertentes
831 589 959 634 vomere
982 572 1097 651 glebas

200 747 203 752 ,
282 681 443 761 terraique
466 681 568 745 solum
592 681 775 764 subigentes
798 683 897 748 cimus
924 684 966 748 ad
988 693 1095 749 ortus:

282 795 366 876 quod
390 794 417 857 si
440 794 530 858 nulla
553 793 676 872 forent,
699 803 807 860 nostro
831 798 899 861 sine
922 818 1069 879 quaeque
1089 799 1199 862 labore

282 914 394 990 sponte
417 927 475 971 sua
498 908 595 970 multo
618 907 685 972 tieri
709 911 842 974 meliora
865 911 1009 976 videres.

208 1043 258 1088 ara
325 1021 396 1086 Huc
418 1023 542 1096 accedit
564 1025 609 1086 uti
633 1023 768 1104 quicque
790 1025 822 1087 in
847 1045 906 1089 sua
929 1045 1062 1108 corpora
1085 1045 1206 1088 rursunr

283 1135 439 1201 dissoluat
461 1145 574 1202 natura
598 1157 703 1218 neque
726 1139 766 1201 ad
791 1139 888 1202 nilum
912 1141 1078 1203 interemat
1100 1157 1171 1202 res.

285 1271 358 1313 nam
382 1251 486 1332 siquid
508 1251 641 1315 mortale
664 1271 680 1314 e
704 1251 825 1315 cunctis
849 1252 991 1334 partibus
1014 1259 1118 1330 esset,

285 1385 324 1428 ex
347 1365 446 1429 oculis
469 1384 520 1428 res
543 1382 690 1444 quaeque
713 1371 842 1445 repente
865 1372 974 1448 erepta
997 1366 1135 1448 periret:

284 1478 373 1542 nulla
395 1480 425 1542 vi
448 1478 529 1542 foret
551 1497 628 1541 usus
652 1476 757 1560 enim,
782 1497 865 1558 quae
887 1481 1031 1562 partibus
1054 1481 1123 1544 eius

211 1615 261 1659 222
286 1593 452 1657 discidium
476 1611 590 1674 parere
614 1596 645 1654 et
667 1609 769 1654 nexus
793 1593 959 1656 exsolvere
982 1600 1109 1674 posset.

285 1708 370 1787 quod
394 1725 496 1781 nunc,
521 1710 649 1768 aeterno
673 1705 746 1787 quia
769 1711 914 1768 constant
937 1708 1057 1770 semine
1081 1728 1247 1790 quaeque,

284 1821 388 1884 donec
410 1821 458 1884 vis
483 1819 579 1896 obiit,
604 1837 685 1898 quae
709 1837 760 1882 res
783 1819 962 1884 diverberet
984 1823 1048 1885 ictu

283 1941 337 1997 aut
359 1935 443 1997 intus
466 1938 609 2016 penetret
629 1952 688 2014 per·
710 1932 818 1996 inania
840 1935 1077 2020 dissoluatque,

223 2071 226 2079 ·
285 2048 404 2112 nullius
428 2049 555 2112 exitium
579 2045 697 2130 patitur
718 2052 832 2112 natura
854 2049 972 2113 videri.

210 2183 260 2228 aaa
286 2169 452 2245 praeterea
475 2181 556 2241 quae
579 2179 714 2241 cumque
735 2167 891 2227 vetustate
913 2171 1038 2227 amovet
1061 2169 1172 2237 aetas,

284 2277 310 2339 si
333 2276 458 2358 penitus
481 2275 617 2359 peremit
639 2295 836 2362 consumens
852 2277 1017 2341 materiem
1040 2296 1188 2352 omnem,

285 2391 369 2454 unde
391 2379 530 2454 animale
553 2409 655 2470 genus
677 2391 851 2471 generatim
875 2392 908 2454 in
931 2392 1051 2455 lumina
1072 2392 1157 2455 vitae

265 2504 578 2588 2redducitVenus‚
603 2510 658 2568 aut
681 2504 866 2568 redductum
891 2505 1030 2570 daedala
1055 2506 1150 2570 tellus

284 2619 369 2683 unde
392 2619 448 2682 alit
470 2624 566 2700 atque
588 2626 685 2702 auget
707 2620 882 2703 generatim
905 2621 1027 2704 pabula
1049 2620 1231 2702 praebens?

213 2754 262 2800 aso
287 2733 370 2797 unde
393 2754 501 2812 mare,
525 2734 674 2815 ingenuei
697 2735 821 2810 fontes,
846 2742 1034 2814 extentaque
1057 2734 1154 2815 longe

285 2849 417 2912 flumina
441 2850 670 2932 suppeditant?
693 2849 777 2914 unde
801 2849 911 2912 aether
934 2848 1040 2912 sidera
1062 2849 1190 2931 pascit?

288 2966 393 3028 omnia
416 2967 499 3029 enirn
524 2964 638 3046 debet,
662 2965 788 3027 mortali
811 2983 941 3048 corpore
964 2983 1047 3046 quae
1070 2970 1162 3045 sunt,

286 3079 408 3142 infinita
430 3086 519 3144 aetas
543 3097 732 3161 consumpse
755 3087 828 3142 ante
851 3086 922 3142 acta
945 3079 1100 3159 diesque.

286 3192 372 3274 quod
395 3194 476 3258 siin
500 3213 537 3257 eo
560 3186 663 3276 spatio
687 3198 782 3275 atque
804 3200 878 3257 ante
901 3202 973 3257 acta
996 3198 1101 3256 aetate
1123 3190 1212 3254 fuere

214 3329 264 3376 235
289 3328 307 3373 2
331 3308 444 3390 quibus
468 3308 549 3372 haec
572 3327 672 3371 rerum
698 3309 841 3373 consistit
864 3328 987 3372 summa
1010 3306 1146 3386 reiecta,

285 3423 446 3487 inmortali
469 3429 542 3486 sunt
563 3430 679 3486 natura
702 3423 845 3505 praedita
868 3432 972 3506 certe,

286 3538 363 3600 haut
385 3537 481 3618 igitur
503 3544 638 3620 possunt
659 3537 701 3600 ad
725 3537 822 3601 nilum
846 3557 995 3619 quaeque
1018 3537 1152 3602 reverti.

288 3629 428 3732 denique
451 3672 502 3716 res
525 3652 627 3716 omnis
651 3653 763 3716 eadem
786 3653 835 3716 vis
858 3671 1021 3734 causaque
1043 3652 1139 3735 volgo

287 3767 475 3849 conticeret,
500 3765 562 3830 nisi
585 3766 732 3830 materies
757 3773 888 3831 aeterna
910 3773 1047 3849 teneret,

215 3903 266 3950 aso
289 3883 370 3945 inter
392 3900 427 3945 se
450 3881 660 3944 nexu'minus
683 3886 739 3944 aut
761 3869 863 3960 magis
884 3879 1091 3962 indupedita:
1160 3886 1163 3892 '

286 4002 389 4060 tactus
413 3995 496 4060 enim
518 3993 573 4058 leti
597 3994 674 4059 satis
697 3999 782 4058 esset
805 4014 903 4058 causa
925 3994 1090 4092 profectc;

287 4111 424 4195 quippe,
449 4109 503 4174 ubi
525 4109 614 4173 nulla
637 4108 742 4174 forent
765 4115 894 4173 aeterno
919 4128 1071 4192 corpore,
1096 4128 1229 4189 quorum

290 4363 340 4410 '215
361 4359 483 4424 quicquid
502 4361 529 4407 in
549 4357 561 4428 Η
583 4363 632 4408 217
654 4375 667 4409 2
685 4359 823 4410 omissum.
845 4355 858 4425 d
879 4360 929 4407 230
948 4365 1102 4418 externaque
1121 4351 1135 4422 Η
1154 4355 1205 4402 240
1224 4369 1303 4405 nexus
