3108 5034
281 354 322 418 28
835 347 850 410 1

281 520 326 583 nil
349 520 381 582 in
406 519 541 584 coneilio
564 523 709 584 naturam
733 523 767 582 ut
790 523 888 582 mutet
910 537 1039 594 eorum,

282 634 373 699 nulla
394 632 452 698 tibi
475 653 514 697 ex
536 633 601 697 illis
623 633 740 716 poterit
763 651 816 697 res
839 651 912 697 esse
935 637 1061 706 070070,

282 768 347 811 non
370 747 535 830 animans,
558 767 622 812 non
645 747 791 812 exanimo
815 767 885 812 cum
909 763 1063 829 corpore,
1086 750 1121 808 ut
1143 747 1260 810 arbos:
1357 759 1367 776 ·

211 883 260 930 770
287 861 405 946 quippe
428 880 516 926 suern
541 861 677 942 quicque
699 860 733 923 in
757 865 849 924 coetu
871 860 1026 924 variantis
1048 860 1155 924 acervi

284 983 428 1040 naturam
441 975 618 1052 0070777707,
641 975 822 1056 mixtusque
844 973 1003 1038 videbitur
1029 980 1083 1038 077

285 1109 355 1154 eum
378 1096 461 1154 terra
483 1090 577 1155 simul
600 1093 697 1169 atque
720 1087 816 1151 ardor
838 1107 909 1152 eum
931 1107 1003 1152 rore
1024 1105 1174 1152 manere.

284 1209 318 1267 at
339 1203 513 1287 primordia
535 1201 709 1286 gignundis
731 1201 763 1264 in
785 1202 873 1266 rebu’
895 1207 1060 1266 necessest

286 1323 430 1381 naturam
453 1316 681 1381 clandestinam
705 1315 897 1398 caecamque
920 1315 1095 1398 adhibere3

212 1452 261 1499 700
288 1433 427 1518 emineat
448 1430 585 1512 nequid,
611 1431 696 1512 quod
719 1437 828 1494 contra
850 1437 971 1513 pugnet
993 1435 1025 1494 et
1047 1429 1150 1492 obstet

287 1565 350 1626 quc
373 1545 476 1610 minus
500 1563 571 1609 esse
594 1549 691 1625 queat
713 1545 841 1628 proprie
864 1544 950 1626 quod
973 1562 1109 1624 cumque
1133 1548 1276 1607 creatur.

331 1658 414 1734 Quin
438 1657 534 1724 etiam
557 1663 706 1742 repetunt
728 1679 747 1721 a
770 1657 858 1722 caclc
883 1665 979 1740 atque
1001 1658 1131 1740 ignibus
1153 1657 1242 1733 eius,

287 1777 319 1837 07
340 1771 477 1856 primum
499 1772 619 1836 faciunt
640 1772 747 1852 ignem
771 1792 806 1837 se
829 1777 952 1838 vertere
975 1774 1007 1836 in
1030 1791 1126 1836 auras

288 1887 390 1970 atris,
414 1887 487 1974 hinc
509 1887 642 1951 imbrem
665 1887 754 1968 gigni
770 1938 775 1965 ,
789 1893 979 1968 terramque
1002 1887 1103 1952 creari

215 2022 263 2068 ras
289 2021 329 2064 ex
350 2001 463 2078 imbri,
486 2005 636 2082 retroque
660 2022 679 2065 0
701 2007 785 2066 70770
807 2007 921 2066 cuncta
943 2002 1075 2075 reverti,

288 2134 429 2180 umorem
453 2115 609 2199 primum,
633 2121 705 2198 post
728 2121 823 2197 ee'ra,
847 2115 964 2180 deinde
987 2115 1147 2197 calorem,

289 2249 348 2293 nec
370 2248 496 2295 cessare
517 2228 596 2294 haec
617 2229 701 2294 inter
724 2248 758 2294 se
780 2234 924 2306 mutare,
947 2248 1055 2294 meare

289 2365 308 2408 a
331 2344 420 2408 caelo
444 2344 485 2407 ad
507 2350 643 2419 terrem,
666 2342 707 2406 de
729 2349 816 2408 terra
838 2343 882 2407 ad
904 2343 1010 2409 sidera
1032 2340 1161 2406 mundi.

290 2458 375 2540 qncd
397 2457 506 2525 facere
528 2458 613 2522 hand
636 2457 701 2521 ullo
724 2457 841 2523 debent
862 2456 1039 2543 primordia
1060 2463 1178 2542 pacto.

215 2595 264 2641 700
288 2573 484 2638 immutabile
506 2572 591 2637 enim
615 2572 769 2654 quiddam
791 2571 945 2657 superare
967 2578 1149 2649 necessest,

288 2708 328 2753 ne
350 2707 402 2754 res
424 2687 467 2752 ad
489 2687 590 2752 nilum
612 2687 798 2771 redigantur
820 2687 1118 2773 fundituscmnes:

289 2824 361 2867 nam
385 2803 628 2885 quodcumque
652 2802 717 2865 suis
739 2807 893 2866 mutatum
916 2802 1032 2866 finibus
1056 2802 1140 2886 exit,

289 2917 437 3005 continuo
460 2915 520 2981 hcc
542 2933 628 2980 mers
651 2921 699 2980 est
720 2916 807 2982 illius
821 2897 917 2999 ¹qnod
938 2917 999 2981 fuit
1021 2923 1114 2982 ante.

290 3036 502 3118 quapropter
526 3031 682 3112 queniam.
699 3050 783 3113 quae
807 3033 906 3116 paulo
930 3031 1068 3098 diximus
1091 3037 1163 3097 ante

217 3165 265 3212 700
289 3144 322 3208 in
345 3151 570 3210 commutatum
594 3146 742 3231 veniunt,
767 3153 913 3213 constare
936 3152 1102 3213 necessest

290 3279 331 3325 ex
353 3260 426 3326 aliis
450 3280 511 3338 ea,
535 3280 618 3342 quae
641 3268 803 3351 nequeant
825 3263 1003 3328 convertier
1025 3281 1181 3344 usquam,

290 3395 331 3440 ne
353 3376 409 3440 tibi
432 3395 484 3440 res
505 3374 639 3440 redeant
660 3375 702 3438 ad
725 3375 825 3439 nilum
848 3377 991 3444 funditus
1015 3396 1144 3442 omnes.

291 3490 367 3572 quin
389 3489 496 3574 potius
518 3488 576 3552 tali
600 3493 715 3553 natura
737 3491 886 3574 praedita
908 3491 1065 3574 quaedam

291 3625 426 3689 ucrpcra
448 3603 641 3687 constituas,
665 3605 773 3686 ignem
797 3605 823 3670 si
847 3606 927 3673 forte
952 3605 1108 3686 crearint‚

217 3743 268 3791 000
292 3740 389 3807 pcsse
413 3718 547 3796 eadem,
571 3718 707 3802 demptis
730 3720 843 3804 paucis
866 3721 1042 3803 paucisque
1064 3717 1210 3800 tributis,

292 3836 404 3902 urdine
427 3837 547 3897 mutatu
571 3839 601 3896 et
622 3838 730 3917 mctn,
760 3833 865 3900 iacere
889 3835 1109 3916 adunamus,

297 4139 390 4191 772,οῒ
413 4133 426 4204 il
453 4139 502 4186 774
521 4135 618 4185 animas
642 4133 654 4200 77
682 4137 730 4187 775
751 4137 856 4200 quisque
875 4137 901 4186 in
920 4145 1020 4188 coetum
1040 4135 1053 4204 ΙΙ
1081 4138 1129 4184 776
1149 4135 1260 4184 ostendit
1285 4129 1297 4200 Η
1325 4135 1373 4181 777
1394 4141 1419 4182 07

293 4225 403 4286 quodum
422 4239 479 4273 curn
504 4220 516 4292 Η
541 4237 661 4272 manare.
687 4221 700 4292 Η
727 4226 776 4273 778
797 4232 912 4287 oportet.
939 4221 952 4293 Η
981 4227 1029 4273 779
1048 4221 1234 4288 glandestinam
1258 4219 1271 4289 ΙΙ
1299 4223 1348 4270 780
1367 4221 1418 4270 De·

292 4311 388 4362 mineat
408 4308 421 4378 71
444 4313 490 4359 781
513 4318 625 4364 creatas.
647 4308 659 4380 Η
683 4312 731 4359 784
751 4311 835 4375 ignem
857 4309 870 4377 Η
893 4313 941 4362 785
961 4312 1014 4376 igni
1036 4307 1049 4379 Η
1070 4311 1096 4360 in
1115 4319 1207 4360 terram
1227 4306 1240 4378 Η
1264 4310 1312 4362 789
1332 4308 1418 4360 facte.
