3140 5032
293 354 352 418 192
835 347 863 410 V

288 525 320 584 00
343 537 411 582 curn
436 515 551 580 deserti
575 515 755 580 baubantur
776 516 809 580 in
832 515 985 592 aedibus,
1003 521 1059 580 aut
1080 535 1152 580 cum

288 631 443 717 plorantis
466 629 592 712 fugiunt
613 631 781 694 summisso
805 649 938 714 corpore
960 631 1097 714 plagae.

287 747 426 828 denique
448 765 513 810 non
534 743 673 808 hinnitus
695 745 771 809 item
795 744 922 810 differre
945 745 1091 821 videtur,

285 861 367 924 inter
390 879 491 941 equas
513 859 568 922 ubi
591 877 692 941 equus
713 857 838 923 florenti
861 864 964 924 aetate
989 859 1141 924 iuvencus

203 994 269 1041 1075
286 974 443 1058 pinnigeri
465 972 568 1038 saevit
591 972 770 1038 calcaribus
794 972 875 1037 ictus
898 973 1037 1056 amoris,

288 1096 319 1154 et
344 1089 503 1154 fremitum
526 1087 642 1171 patulis
665 1088 718 1152 ubi
742 1087 872 1152 naribus
896 1085 963 1152 edit
993 1086 1035 1150 ad
1058 1107 1167 1168 arma,

288 1212 412 1270 etcum
436 1203 483 1269 sic
506 1202 588 1266 alias
611 1202 774 1267 concussis
797 1202 918 1267 artibus
941 1201 1071 1266 hinnit?

286 1323 447 1402 postremo
470 1337 572 1398 genus
594 1316 725 1381 alituum
747 1317 921 1398 variaeque
943 1317 1108 1397 volucres,

288 1431 456 1514 accipitres
478 1437 574 1512 atque
597 1431 778 1515 ossifragae
802 1431 969 1512 mergique
991 1429 1124 1494 marinis

206 1568 272 1614 roso
287 1546 434 1643 fiuctibus
456 1547 489 1609 in
513 1546 598 1610 salso
621 1519 737 1608 victum
759 1545 923 1626 vitamque
946 1549 1113 1628 petentes,

289 1661 385 1742 longo
408 1660 490 1724 alias
512 1659 576 1724 alio
600 1659 720 1724 iaciunt
743 1659 942 1742 intempore
966 1678 1083 1741 voces,

289 1780 320 1841 00
343 1795 437 1856 quom
460 1776 499 1838 de
523 1773 606 1838 victu
630 1778 752 1838 certant
773 1773 981 1856 praedaeque
1003 1779 1204 1858 repugnant:

289 1897 320 1954 00
341 1887 456 1972 partim
479 1893 600 1952 mutant
622 1907 692 1952 curn
714 1887 956 1971 tempestatibus
978 1907 1044 1952 una

288 2002 475 2066 raucisonos
498 2006 627 2084 cantus,
644 2000 807 2066 cornicum
829 2006 864 2064 ut
886 2003 995 2068 saecla
1017 2007 1141 2068 vetusta

208 2137 274 2184 1000
291 2134 519 2197 corvorumque
541 2134 655 2198 greges
677 2115 732 2178 ubi
755 2135 871 2197 aquam
896 2116 1043 2180 dicuntur
1066 2122 1097 2180 et
1119 2115 1230 2180 imbris

291 2248 425 2315 poscere
449 2236 480 2294 et
501 2229 583 2292 inter
605 2229 681 2292 dum
703 2236 815 2294 ventos
837 2250 996 2312 aurasque
1019 2249 1156 2296 vocare.

290 2365 367 2426 ergo
392 2343 418 2408 si
442 2342 520 2406 varii
543 2361 659 2407 sensus
682 2344 835 2408 animalia
858 2351 993 2428 cogunt,

291 2465 378 2523 muta
400 2463 509 2522 tamen
531 2476 602 2520 cum
625 2457 707 2534 sint,
724 2458 830 2523 varias
854 2458 997 2524 emittere
1021 2479 1136 2542 voces,

292 2578 411 2653 quanto
433 2562 577 2634 mortalis
599 2573 705 2653 magis
728 2579 870 2639 aecumst
892 2579 958 2636 tum
980 2573 1122 2658 potuisse

209 2708 275 2754 roeo
293 2685 456 2751 dissimilis
478 2683 544 2748 alia
566 2691 660 2766 atque
683 2687 748 2750 alia
769 2707 820 2752 res
842 2707 921 2753 voce
941 2689 1073 2753 notare!

333 2800 430 2888 [Illud
452 2800 484 2864 in
508 2800 556 2864 bis
577 2801 671 2865 rebus
694 2801 808 2865 tacitus
831 2821 870 2866 ne
893 2801 975 2868 forte
997 2802 1166 2884 requiras,
1242 2783 1244 2786 ⁵

293 2915 412 2978 fulmen
436 2914 546 2978 detulit
568 2914 600 2976 in
623 2919 739 2976 terram
761 2917 950 2981 mortalibus
972 2917 1079 2998 ignem

290 3028 455 3112 primitus,
471 3028 546 3091 inde
569 3027 671 3092 omnis
693 3027 890 3092 flammarum
913 3029 1030 3094 diditur
1053 3030 1167 3094 ardor:

294 3141 393 3205 multa
416 3141 560 3207 videmus
583 3141 666 3206 enim
690 3142 882 3208 caelestibus
904 3144 995 3208 inlita
1016 3144 1152 3208 fiammis

211 3277 276 3323 1095
294 3255 438 3338 fulgere,
456 3275 526 3319 oum
546 3255 628 3334 caeli
651 3255 783 3322 donavit
805 3258 903 3340 plaga
925 3277 1064 3342 vapore.

295 3375 326 3434 00
347 3390 476 3435 ramosa
498 3377 605 3434 tamen
628 3389 699 3434 cum
722 3371 824 3436 ventis
847 3373 940 3455 pulsa
962 3372 1120 3437 vacillans

294 3469 419 3548 aeslirat
440 3483 473 3545 in
497 3502 605 3547 ramos
627 3484 813 3549 incumbens
836 3486 959 3550 arboris
981 3487 1095 3568 arbor,

295 3596 481 3681 exprimitur
503 3596 618 3661 validis
642 3599 774 3662 extritus
797 3599 916 3664 uiribus
939 3599 1023 3680 ignis

294 3721 326 3778 et
347 3711 442 3776 micat
463 3711 545 3775 inter
568 3711 640 3774 dum
664 3712 805 3776 flammai
827 3711 970 3778 fervidus
992 3713 1107 3790 ardor,

213 3847 279 3893 rroo
294 3834 403 3890 mutua
426 3824 499 3889 dum
521 3825 603 3893 inter
625 3846 660 3891 se
683 3827 759 3890 rami
783 3827 963 3910 stirpesque
986 3833 1148 3894 teruntur.

294 4010 494 4017 *-

300 4129 365 4175 1071
380 4127 518 4178 desertibus
530 4105 655 4176 aubantur
670 4123 682 4195 ΙΙ
702 4129 767 4176 1072
782 4129 910 4178 Plorantis
929 4125 942 4196 ll
965 4130 1030 4177 1076
1044 4127 1090 4177 sub
1105 4125 1117 4194 ll
1136 4105 1201 4176 1080
1215 4127 1385 4190 praedataque
1400 4126 1414 4195 Η

302 4217 369 4264 1084
382 4223 407 4264 00
427 4212 439 4281 ΙΙ
462 4215 528 4264 1080
548 4215 632 4276 gregis
652 4215 664 4280 11
687 4217 751 4264 1087
771 4215 848 4265 variis
868 4213 881 4283 ΙΙ
904 4217 970 4264 1088
985 4216 1068 4264 Multa
1087 4216 1099 4282 lt
1122 4217 1188 4264 1090
1208 4229 1235 4263 00
1254 4213 1267 4283 ΙΙ
1290 4217 1356 4265 1094
1375 4216 1414 4262 in-

258 4369 261 4374 ,
299 4302 347 4350 sita
368 4300 380 4369 {l
403 4304 469 4351 1095
489 4301 605 4365 vaporis.
627 4297 641 4369 Η
662 4303 728 4350 1096
747 4301 782 4351 Ut
802 4301 815 4370 Η
837 4305 902 4350 1097
922 4303 1019 4350 Αο0000
1039 4298 1052 4367 ll
1073 4301 1169 4349 ardoris
1190 4297 1202 4369 Η
1231 4301 1296 4352 1099
1316 4302 1416 4352 Emicat
