3140 5036
302 437 343 501 98
596 486 602 500 .
840 433 888 498 IlI

302 603 336 667 in
358 621 393 668 se
416 601 555 667 animam
580 609 678 684 atque
700 603 732 668 iu
756 622 813 669 eos
835 603 952 687 poterit
973 603 1165 672 concludere
1187 609 1312 690 motus,

228 738 278 786 555
304 737 384 799 quos
408 722 481 781 ante
503 717 536 780 in
559 717 665 783 nervis
689 724 719 784 et
741 717 773 782 in
795 718 866 802 ipso
890 737 1023 802 corpore
1046 720 1184 802 agebat.

302 851 400 914 quare
422 831 519 896 etiam
541 837 639 914 atque
662 827 758 897 etiarr'r
781 833 922 898 resoluto
946 834 1088 918 corporis
1112 835 1197 900 omni

303 945 442 1029 tegmine
465 952 497 1011 ct
518 947 628 1012 eiectis
651 953 743 1012 extra
763 948 917 1014 vitalibus
940 947 1027 1012 auris

302 1059 435 1125 dissolui
457 1080 572 1126 sensus
594 1061 694 1126 animi
716 1060 841 1128 fateare
864 1069 1027 1128 necessest

302 1182 398 1258 atque
420 1175 581 1260 animam,
598 1176 747 1259 quoniam
772 1177 973 1244 coniunctast
995 1197 1094 1244 causa
1116 1177 1263 1242 duobus.

227 1311 277 1359 580
345 1291 491 1373 Denique
514 1311 585 1354 cum
607 1311 724 1376 corpus
746 1297 887 1374 nequeat
908 1291 1051 1376 perferre
1073 1291 1191 1356 animai

301 1405 489 1490 discidium,
507 1407 584 1488 quin
606 1407 639 1471 in
661 1412 764 1473 taetro
787 1409 934 1473 tabescat
955 1405 1074 1489 odore,

216 1599 218 1603 ι
303 1521 379 1602 quid
402 1520 529 1586 dubitas
553 1521 630 1602 quin
652 1541 693 1586 ex
713 1505 777 1586 imo
799 1523 987 1606 penitusque
1010 1527 1120 1586 coorta

304 1635 461 1700 emanarit
481 1635 526 1700 uti
548 1634 655 1700 fumus
678 1636 795 1701 diffusa
817 1635 945 1700 animae
969 1636 1037 1720 vis,

302 1729 398 1832 atque
420 1749 493 1814 ideo
516 1754 606 1813 tanta
628 1754 782 1814 mutatum
805 1755 896 1833 putre
918 1751 1010 1814 ruina

227 1884 277 1932 505
303 1865 475 1930 conciderit
497 1885 632 1949 corpus,
649 1864 775 1948 penitus
797 1865 872 1947 quia
894 1871 982 1930 mota
1003 1866 1074 1928 1000
1098 1869 1171 1928 sunt

302 1980 526 2055 fundamenta,
543 1955 631 2044 foras
653 1985 803 2044 manante
826 1980 933 2044 anima
956 1998 1057 2060 usque
1079 1997 1137 2062 per
1159 1984 1245 2042 artus

301 2113 422 2180 perque
443 2093 566 2158 viarum
590 2094 692 2160 omnis
715 2093 836 2178 flexus,
852 2094 884 2158 in
908 2114 1041 2178 corpore
1065 2093 1118 2175 qui
1142 2099 1235 2176 suut,

303 2215 398 2292 atque
420 2209 606 2274 foramina?
621 2209 815 2274 multimodis
838 2214 872 2272 ut
892 2228 1026 2274 noscere
1048 2208 1154 2293 possis

303 2323 502 2408 dispertitam
525 2325 653 2388 animae
676 2330 821 2388 naturam
845 2323 951 2389 exisse
972 2343 1031 2407 per
1053 2330 1160 2399 artus,

229 2459 279 2507 500
304 2446 335 2504 01
356 2439 446 2522 prius
469 2459 538 2503 0000
562 2437 622 2502 sibi
645 2437 830 2502 distractam
853 2457 985 2520 corpore
1007 2438 1040 2502 in
1062 2438 1154 2520 ipso,

304 2574 398 2636 quam
420 2553 572 2637 prolapsa
595 2553 681 2618 10000
705 2559 813 2618 enaret
835 2553 868 2616 in
890 2553 975 2618 05010
997 2572 1111 2616 auras.

304 2668 379 2751 quin
402 2667 497 2732 etiam
521 2667 592 2732 finis
616 2667 692 2732 dum
714 2668 800 2733 vitae
822 2669 951 2733 vertitur
974 2667 1077 2743 intra,

303 2803 399 2866 saepe
423 2781 532 2864 aliqua
553 2788 663 2847 tamen
686 2801 704 2847 0
728 2803 826 2848 00000
848 2782 1008 2848 labefacta
1031 2781 1158 2845 videtur

303 2898 350 2964 ire
373 2897 480 2962 anima
502 2917 541 2962 ac
563 2903 629 2962 toto
652 2897 735 2962 solui
758 2896 799 2961 de
823 2916 956 2981 corpore
979 2897 1083 2974 velle,

229 3033 279 3080 505
305 3018 336 3076 01
359 3011 450 3094 quasi
474 3032 622 3097 supremo
646 3011 858 3094 languescere
879 3017 1022 3094 tempore
1043 3009 1169 3086 voltus,

303 3127 475 3208 molliaque
498 3127 654 3210 exsangui
675 3133 785 3192 trunco
808 3125 925 3192 cadere
947 3126 1054 3190 omnia
1075 3126 1238 3190 membra.

306 3221 391 3325 ¹quod
413 3262 514 3326 genus
540 3248 608 3325 001,
625 3244 730 3308 animo
754 3242 980 3308 malefactum
1003 3263 1073 3308 cum
1097 3239 1283 3326 perhibetur

305 3364 361 3422 aut
384 3359 522 3422 animam
546 3357 699 3438 liquisse;
715 3357 776 3421 ubi
791 3357 853 3422 iam
877 3357 1054 3442 trepidatur
1076 3361 1108 3418 et
1130 3373 1242 3419 omnes

306 3478 481 3536 extremum
505 3472 635 3555 cupiunt
656 3472 741 3536 vitae
764 3467 1021 3556 repraehendere
1043 3469 1201 3534 vinclum:

230 3606 279 3654 500
305 3591 536 3666 conquassatur·
558 3585 641 3650 enim
665 3592 843 3655 tum-mens
865 3586 1058 3666 animaeque
1080 3589 1225 3667 potestas

306 3701 429 3784 omnis,
447 3707 478 3766 et
500 3699 582 3765 haec
604 3701 674 3784 ipso
697 3722 767 3766 cum
791 3721 921 3785 corpore
945 3700 1080 3766 conlabe
1102 3700 1201 3781 fiunt;

305 3825 340 3883 ut
361 3815 488 3900 gravior
510 3815 605 3900 paulo
628 3818 731 3912 possit
753 3815 928 3880 dissolvere
951 3835 1067 3882 causa.

307 3934 383 4016 quid
407 3932 534 4000 dubitas
555 3932 684 3998 tandem
708 3930 783 4013 quin
807 3936 898 3996 extra
919 3932 1048 4016 prodita
1071 3950 1186 4016 corpus

307 4117 507 4125 ..n—*-

310 4238 362 4287 574
380 4234 440 4285 Sese
458 4235 545 4284 anima
563 4232 577 4303 ΙΙ
598 4238 648 4286 576
668 4235 740 4298 Quae
760 4232 774 4305 ΙΙ
794 4238 844 4286 578
864 4235 954 4286 satiare
974 4233 988 4302 11
1009 4235 1060 4286 580
1078 4245 1176 4294 nequeo
1196 4227 1209 4299 ΙΙ
1230 4231 1280 4280 582
1300 4244 1330 4280 00
1342 4229 1394 4280 imo
1415 4226 1429 4298 ΙΙ

311 4325 362 4372 583
376 4323 461 4372 anima
474 4323 543 4373 eius.
565 4321 577 4399 11
599 4327 649 4373 586
662 4332 767 4373 manant
780 4325 930 4385 animaeque
950 4320 963 4388 ΙΙ
984 4325 1035 4372 594
1048 4333 1154 4382 corpere
1167 4318 1254 4368 omnia
1265 4319 1394 4368 membra.
1415 4315 1429 4387 ΙΙ

310 4411 360 4464 596
381 4411 501 4473 easangui
522 4409 536 4478 Η
555 4419 645 4460 trunco
664 4412 804 4462 omissam.
826 4411 839 4478 ΙΙ
860 4413 909 4460 597
929 4408 1042 4474 peribat.
