3140 5032
719 351 765 417 Vl

179 535 211 596 et
233 529 397 596 condensa
419 509 538 611 queant
560 546 717 610 apparere
742 533 773 592 et
795 525 889 590 simul
911 525 981 611 ipso

175 644 294 711 vertice
317 645 357 710 de
381 644 495 710 montis
518 642 686 708 videantur
709 662 841 726 surgere
864 642 898 706 iu
920 642 1087 708 aethram:

177 780 248 824 nam
271 761 343 826 loca
366 759 512 826 declarat
534 780 658 826 sursum
681 763 814 823 ventosa
836 763 945 840 patere

174 896 226 941 res
247 875 317 960 ipsa
340 881 372 940 et
394 895 526 960 sensus,
544 875 658 940 montis
682 894 753 939 oum
775 871 977 938 ascendimus
1000 872 1104 937 altos.

96 1011 151 1058 470
176 997 345 1075 praeterea
367 993 526 1076 permulta
549 990 629 1054 mari
653 1008 780 1071 quoque
802 988 913 1052 tollere
936 993 1002 1052 toto

177 1125 310 1189 corpora
332 1112 480 1170 naturam
503 1105 670 1171 declarant
691 1105 784 1168 litore
806 1093 912 1169 vestes

178 1239 370 1304 suspensae,
388 1203 664 1304 cumeoncipiunt
688 1219 805 1283 umoris
829 1217 1025 1282 adhaesum.

178 1354 240 1416 quo
265 1333 368 1416 magis
391 1333 434 1398 ad
456 1335 549 1400 uubis
572 1334 737 1418 augendas
761 1333 859 1397 multa
881 1331 1027 1395 videntur

177 1467 275 1532 posse
297 1469 424 1530 quoque
448 1469 466 1514 e
488 1449 576 1514 salso
601 1467 794 1530 consurgere
817 1446 956 1513 momine
977 1447 1087 1531 ponti:

100 1583 153 1630 aaa
180 1583 255 1628 nam
277 1565 356 1628 ratio
380 1564 650 1644 consanguineast
673 1563 838 1628 umoribus
861 1562 952 1628 ollis.

176 1684 344 1762 praeterea
365 1677 469 1743 fluviis
492 1697 532 1742 ex
555 1677 702 1743 omnibus
726 1683 758 1740 et
780 1676 873 1740 simul
896 1676 969 1761 ipsa

178 1811 309 1874 surgere
333 1791 373 1857 de
396 1799 480 1857 terra
502 1793 636 1857 nebulas
660 1798 848 1872 aestumque
870 1792 1035 1870 videmus,

178 1927 262 1990 quae
285 1908 337 1973 vel
359 1914 395 1972 ut
417 1909 513 1973 alitus
536 1907 609 1971 hinc
631 1907 676 1970 ita
699 1925 824 1971 sursum
847 1925 1000 1991 expressa
1021 1905 1166 1973 feruntur

178 2021 429 2106 suffunduntque
452 2042 510 2087 sna
533 2022 660 2087 caelum
683 2022 820 2103 caligine
844 2028 875 2086 et
897 2022 979 2088 altas

99 2159 152 2208 480
178 2137 341 2204 sufficiunt
363 2137 457 2202 nubis
479 2137 635 2220 paulatim
658 2135 900 2200 conveniundo:

177 2258 268 2338 unget
291 2252 374 2318 enim
400 2270 527 2334 quoque
551 2249 696 2335 signiferi
719 2269 815 2334 super
837 2251 975 2316 aetheris
998 2258 1120 2332 aestus,

177 2375 209 2432 et
231 2367 323 2449 quasi
345 2366 511 2432 densendo
535 2365 676 2430 subtexit
698 2366 827 2431 caerula
849 2365 987 2430 nimbis.

177 2480 212 2544 fit
234 2500 360 2562 quoque
382 2487 417 2545 ut
439 2481 500 2545 buc
522 2481 652 2545 veniant
672 2480 706 2543 in
730 2481 855 2545 caelum
879 2480 1073 2546 extrinsecus
1096 2481 1153 2546 illa

179 2614 313 2679 corpora
335 2615 417 2678 quae
441 2595 563 2660 faciunt
585 2595 679 2659 nubis
702 2595 890 2676 nimbosque
912 2594 1070 2660 volantis:

102 2729 153 2777 485
178 2709 442 2776 innumerabilem
466 2711 549 2776 enim
573 2729 737 2774 numerum
761 2727 982 2792 summamque
1004 2709 1155 2794 profundi

177 2843 251 2890 esse
272 2825 427 2890 infinitam
451 2825 564 2908 docui,
582 2830 764 2906 quantaque
788 2825 935 2889 volarent

177 2959 310 3022 corpora
332 2941 517 3006 mobilitate
534 2939 659 3005 ostendi
684 2957 841 3020 quamque
865 2945 996 3020 repente

176 3053 417 3124 inmemorabile
439 3073 498 3138 per
521 3053 658 3136 spatium
681 3053 819 3116 transire
842 3052 1000 3116 solerent.

176 3167 253 3232 haut
275 3159 372 3250 igitur
396 3169 558 3251 mirumst,
575 3167 602 3231 si
626 3185 724 3248 parvo
746 3172 888 3250 tempore
911 3185 1009 3251 saepe

102 3301 152 3348 rao
177 3287 244 3346 tam
266 3283 393 3366 magnis
415 3283 531 3346 nimbis
554 3287 727 3365 tempestas
751 3285 848 3362 atque
871 3283 1023 3348 tenebrae

177 3398 342 3480 coperiant
364 3399 466 3464 maria
488 3417 526 3461 ac
547 3403 650 3461 terras
672 3397 807 3480 inpensa
830 3415 986 3482 superne,

178 3512 319 3593 undique
342 3512 602 3594 quandoquidem
625 3531 683 3597 per
705 3513 815 3578 caulas
838 3513 978 3579 aetheris
1002 3515 1105 3580 omnis

179 3633 210 3690 et
233 3629 323 3707 quasi
346 3627 534 3712 permagni
559 3628 676 3693 circum
699 3628 862 3712 spiracula
884 3629 992 3695 mundi

178 3741 283 3807 exitus
306 3743 516 3824 introitusque
538 3743 706 3808 elementis
730 3743 874 3808 redditus
897 3750 1003 3809 extat.

178 3939 379 3949 ————

180 4073 231 4121 466
251 4073 438 4136 condensatque
456 4079 512 4121 arta
530 4086 618 4134 parere
646 4067 659 4139 Η
684 4072 734 4120 467
754 4071 869 4122 videatur
894 4071 905 4138 Η
931 4073 1026 4122 46810
1052 4071 1065 4142 Η
1089 4077 1139 4125 469
1159 4090 1259 4126 sensum
1284 4074 1298 4146 Η

181 4162 232 4208 478
246 4160 321 4222 Quod
342 4158 355 4228 Η
375 4162 428 4210 474
440 4158 569 4208 mhomine
589 4156 602 4226 Η
622 4161 673 4208 475
686 4159 877 4224 consanguinea
895 4175 921 4208 se
942 4157 955 4228 Η
975 4162 1072 4210 omnis.
1094 4161 1107 4230 Η
1127 4166 1177 4212 476
1197 4164 1271 4212 fluvis
1285 4161 1299 4232 Η

181 4248 229 4296 481
250 4247 327 4312 Urgit
350 4245 363 4315 Η
387 4263 448 4312 supe
472 4243 485 4314 Η
509 4247 560 4295 483
578 4246 646 4296 hunc
667 4244 679 4313 Η
700 4246 755 4294 illi.
777 4245 790 4314 Η
810 4249 861 4297 488
880 4262 925 4312 per
943 4249 1082 4299 omissum.
1103 4247 1117 4320 Η
1137 4253 1188 4300 490
1207 4251 1300 4302 montis

182 4342 304 4399 tempesta
323 4332 337 4403 Η
357 4338 406 4386 491
427 4335 566 4400 coperiant
586 4332 598 4403 Η
619 4337 671 4384 462
690 4335 774 4385 navias
