3140 5036
180 646 228 693 145
254 643 380 708 semper
402 623 484 687 enim
508 642 665 688 summum
689 621 840 710 quioquid
863 622 903 688 de
926 623 1022 687 rebus
1045 622 1206 699 abundat,

255 738 340 822 quod
362 737 561 802 iaculentur.
579 742 610 801 et
632 735 694 800 hoo
716 736 797 800 alias
820 756 890 800 oum
913 737 1057 820 pervenit
1078 736 1111 800 in
1135 757 1206 815 res,

254 851 384 934 transit,
401 856 436 914 ut
456 851 490 915 in
512 850 624 934 primis
645 855 786 915 vestemt
803 848 862 914 sed
884 850 938 914 ubi
960 870 1076 935 aspera
1098 870 1176 915 saxa

254 971 311 1031 aut
332 965 364 1029 in
387 964 553 1028 materiam
575 964 655 1046 ligni
677 965 841 1048 pervenit,
858 963 904 1028 ibi
926 963 992 1028 iam

256 1079 427 1164 scinditur,
444 1084 478 1142 51
500 1079 623 1143 nullum
645 1077 847 1142 simulaorum
870 1077 1003 1144 reddere
1026 1080 1147 1164 possit.
1189 1105 1193 1112 ·

183 1216 232 1263 150
257 1202 290 1260 at
313 1215 384 1260 oum
407 1192 578 1276 splendida
601 1211 684 1274 quae
707 1197 853 1262 55551551
876 1201 1011 1277 opposta
1034 1193 1198 1260 fuerunt·

258 1309 442 1392 densaque,
459 1313 494 1372 ut
515 1308 548 1371 in
570 1307 681 1392 primis
697 1306 867 1391 ¹speculum
891 1312 957 1392 est,
974 1309 1019 1372 nil
1042 1309 1159 1374 aoeidit
1180 1309 1313 1376 horum:

258 1444 332 1487 nam
356 1442 481 1506 neque,
497 1423 542 1486 uti
565 1427 684 1486 vestem
699 1471 706 1501 ,
723 1421 807 1504 potis
828 1428 875 1486 551
897 1423 1051 1507 11555115,
1069 1441 1172 1505 neque
1193 1429 1300 1488 autem

258 1536 359 1602 seindi
374 1557 382 1619 3
400 1556 497 1617 quam
520 1535 663 1600 meminit
684 1535 773 1598 levor
795 1541 961 1618 praestare
985 1538 1140 1601 salutem.

259 1673 324 1734 qua
346 1655 476 1735 propter
498 1649 533 1714 fit
554 1655 588 1713 ut
610 1649 683 1714 bine
705 1649 799 1713 nobis
823 1649 997 1714 simulaora
1018 1649 1216 1716 redundent.

184 1786 232 1834 155
260 1773 291 1830 et
314 1765 458 1848 quamvis
481 1763 606 1847 subito,
624 1763 735 1844 quovis
757 1763 790 1826 in
812 1768 975 1847 tempore,
992 1784 1152 1847 quamque

258 1898 324 1944 rem
348 1884 457 1943 eontra
480 1879 643 1961 speoulum
664 1899 787 1961 ponas,
805 1885 938 1963 apparet
960 1879 1088 1963 imag03

257 1997 412 2077 perpetuo
435 1989 532 2056 fluere
556 1999 589 2055 ut
610 2011 728 2058 noscas
751 2012 768 2058 e
791 2013 924 2077 corpore
948 2015 1069 2059 summo

259 2111 399 2172 texturas
422 2125 525 2170 rernm
549 2107 654 2172 tenuis
677 2107 847 2189 tenuisque
868 2109 1007 2190 figuras.

259 2241 335 2305 ergo
358 2220 456 2285 multa
478 2221 566 2286 brevi
590 2221 694 2304 spatio
718 2221 890 2286 5115515515
912 2229 1089 2307 35555151,

186 2357 234 2404 155
258 2342 293 2401 51
314 2335 426 2402 merito
452 2334 536 2400 oeler
558 2335 606 2400 his
629 2337 724 2401 rebus
748 2337 870 2401 dicatur
893 2338 1003 2420 origo.

260 2457 292 2516 et
314 2450 408 2532 quasi
431 2451 529 2514 multa
552 2451 638 2514 brevi
662 2453 764 2534 spatio
788 2451 982 2516 summittere
1005 2452 1101 2517 debet

261 2565 381 2630 lumina
403 2565 471 2648 sol,
488 2569 523 2628 51
543 2572 698 2651 perpetuo
722 2567 784 2631 sint
807 2567 914 2631 omnia
936 2566 1050 2650 plena,

260 2681 306 2747 sio
329 2681 369 2744 ab
392 2681 489 2746 rebus
510 2681 586 2746 item
610 2681 705 2746 simili
728 2681 849 2746 ratione
872 2687 1038 2748 necessest

261 2796 413 2880 temporis
435 2798 468 2860 in
491 2802 607 2882 punoto
631 2817 735 2861 rerum
757 2796 929 2862 simulaora
951 2795 1096 2860 ferantur

188 2932 236 2980 165
263 2912 361 2976 multa
384 2912 486 2976 modis
508 2911 614 2976 multis
636 2911 668 2974 in
692 2917 821 2978 55115155
844 2911 985 2994 undique
1007 2911 1127 2995 partis3

262 3026 520 3108 quandoquidem
544 3027 708 3110 speculum
731 3048 793 3110 quo
817 3047 951 3110 eumque
975 3027 1168 3092 obvertimus
1191 3026 1274 3109 oris,

261 3160 313 3204 res
336 3140 397 3204 sibi
419 3141 615 3224 respondent
637 3143 731 3207 simili
754 3143 858 3208 forma
880 3148 976 3226 atque
998 3142 1124 3207 oolore.

303 3254 485 3341 [Praeterea
506 3255 601 3320 modo
625 3277 695 3320 eum
718 3257 815 3322 fuerit
835 3257 1048 3339 liquidissima
1071 3256 1151 3321 55511

261 3375 452 3453 tempestas,
468 3391 624 3454 perquam
646 3371 749 3437 subito
774 3372 808 3436 fit
830 3373 958 3436 turbida
980 3371 1095 3446 foede,

189 3503 238 3549 115
262 3483 404 3564 undique
425 3485 470 3548 uti
492 3486 644 3550 tenebras
667 3487 769 3550 omnis
790 3485 974 3550 Acherunta
995 3485 1096 3548 rearis

261 3597 394 3679 liquisse
417 3605 448 3663 51
469 3619 605 3682 magnas
628 3601 709 3664 caeli
732 3601 908 3684 complesse
931 3617 1106 3664 cavernas.

207 3735 210 3742 ·
261 3732 364 3794 usque
387 3713 470 3780 adeo
492 3720 596 3780 taetra
618 3714 796 3802 nimborum
819 3719 912 3780 noete
936 3719 1045 3780 ooorta

263 3827 439 3912 inpendent
461 3835 550 3894 atrae
572 3828 751 3894 formidinis
775 3849 832 3894 ora
855 3847 1012 3915 superne;

263 3962 395 4024 quorum
419 3943 572 4025 quantula
594 3964 668 4027 pars
693 3944 733 4009 sit
754 3944 862 4026 imago
886 3943 992 4009 dioere
1013 3948 1138 4012 nemost

262 4161 463 4170 ———

267 4306 315 4355 150
334 4305 451 4370 opposita
471 4300 485 4373 ΙΙ
507 4307 554 4354 152
573 4314 679 4372 possunt
699 4303 712 4374 ΙΙ
735 4308 783 4356 159
803 4313 940 4369 geruntur,
