3108 5034
301 397 342 462 66
846 395 879 458 ΙΙ

299 563 470 628 dissimiles
492 563 589 644 longe
611 563 692 628 inter
715 582 750 631 se
772 563 944 644 variosque
972 563 1118 628 oolores.

300 683 465 760 praeterea
488 677 533 740 nil
556 676 697 742 oliieiunt
720 677 912 758 obstantque
936 676 1058 761 figurae

226 809 274 856 000
301 790 492 874 dissimiles,
510 811 572 872 quo
597 791 783 872 quadratum
810 792 913 856 minus
936 809 1030 856 omne
1054 791 1094 854 sit
1116 810 1156 862 ex
1177 792 1247 858 his:

299 910 334 968 at
354 905 434 970 van'i
456 925 562 970 rerum
584 893 750 988 inpediunt
771 903 1002 988 prohibentque
1023 906 1165 990 dolores,

300 1039 362 1100 quo
385 1018 490 1084 minus
513 1038 583 1084 esse
607 1038 669 1083 uno
691 1019 794 1102 possit
815 1037 876 1092 res
889 1024 955 1084 tota
977 1019 1100 1084 nitore.

336 1135 417 1196 Tum
439 1154 535 1216 porro
558 1152 640 1214 quae
662 1131 749 1196 duait
772 1137 803 1196 et
824 1133 923 1196 inlinit
944 1138 978 1196 ut
1000 1133 1184 1198 tribuamus

299 1245 464 1330 principiis
486 1265 590 1311 rerum
614 1266 677 1309 non
701 1265 873 1327 numquam
896 1265 993 1310 eausa
1017 1246 1160 1329 colores,

225 1380 274 1426 reo
300 1358 436 1434 oceidit,
454 1364 493 1421 ex
516 1359 597 1422 albis
622 1359 770 1440 quoniam
795 1379 860 1424 non
883 1359 958 1424 alba
981 1365 1146 1437 creantur,

300 1493 361 1537 nee
381 1491 473 1554 quae.
487 1473 580 1556 nigra
602 1473 708 1537 olueut
730 1473 770 1536 de
792 1448 913 1556 nigris,
931 1474 988 1538 sed
1010 1474 1106 1538 variis
1129 1495 1190 1540 ex.

302 1587 418 1668 quippe
442 1586 556 1649 etenim
579 1587 676 1650 multo
698 1587 872 1669 proclivius
895 1588 1077 1652 exorientur

301 1699 440 1764 eandida
463 1700 503 1762 de
526 1699 613 1762 nullo
638 1720 731 1781 quarn
755 1700 846 1783 nigro
869 1707 945 1764 nata
968 1703 1094 1786 colore,

300 1819 354 1876 aut
376 1814 440 1878 alio
465 1814 668 1896 000010,οιιὶ
690 1821 801 1878 eontra
823 1820 941 1898 pugnet
963 1820 994 1878 et
1017 1815 1142 1880 obstet.

227 1947 276 1994 795
344 1927 518 1992 Praeterea
541 1929 692 2010 quoniam
716 1935 877 2011 nequeunt
899 1929 968 1994 sine
990 1929 1060 1994 luoe
1083 1930 1205 1994 oolores

302 2060 393 2116 esse,
410 2061 514 2124 neque
535 2043 568 2106 in
591 2043 692 2108 lucem
716 2043 855 2110 existunt
875 2043 1049 2127 primordia
1071 2066 1195 2129 rerum,

301 2155 382 2220 00100
404 2155 478 2220 11001
502 2177 596 2238 quam
620 2158 682 2223 sint
704 2158 793 2223 nullo
815 2159 921 2223 velata
944 2158 1072 2222 eolore:

301 2270 404 2352 qualis
428 2271 509 2334 enim
534 2273 637 2338 oaeois
659 2273 774 2358 poterit
796 2273 884 2338 oolor
906 2291 978 2338 esse
1000 2273 1167 2344 tenebris?

300 2384 418 2448 lumine
442 2386 518 2466 quin
539 2387 609 2469 ipso
633 2396 770 2454 mutatur
792 2397 963 2474 propterea
987 2387 1072 2468 quod

226 2517 276 2564 800
301 2505 388 2563 reeta
410 2509 464 2564 aut
487 2501 618 2582 obliqua
640 2523 809 2585 percussus
832 2505 902 2569 luoe
924 2501 1075 2583 refulgit;

298 2612 408 2696 pluma
432 2615 647 2680 columbarum
672 2638 732 2698 quo
756 2625 848 2703 paeto
872 2619 906 2682 in
928 2618 995 2682 0010
1018 2616 1161 2698 videtur,

301 2745 383 2806 quae
407 2727 468 2792 sita
490 2729 630 2794 eervices
654 2729 769 2793 oiroum
793 2732 973 2812 collumque
997 2735 1149 2796 coronat:

299 2860 436 2920 namque
459 2843 538 2906 alias
562 2843 596 2904 fit
617 2842 662 2904 uti
685 2843 771 2906 olaro
795 2844 836 2908 sit
856 2846 952 2908 rubra
971 2864 1115 2926 pyropo,

298 2953 383 3018 inter
406 2955 480 3017 dum
505 2955 644 3036 quodam
668 2975 764 3020 sensu
787 2957 821 3020 fit
844 2958 889 3022 uti
912 2958 1055 3022 videatur

226 3085 275 3134 805
301 3067 382 3132 inter
405 3068 557 3134 ouralium
581 3069 692 3134 viridis
715 3071 848 3136 miseere
871 3071 1082 3152 zmaragdos

301 3181 466 3264 oaudaque
489 3184 644 3267 pavonis,
662 3185 755 3266 larga
777 3207 848 3251 eum
870 3188 939 3251 luoe
962 3186 1084 3268 repleta
1106 3195 1170 3270 est,

194 3356 195 3360 ,
301 3296 457 3362 eonsimili
479 3303 580 3361 mutat
600 3298 722 3362 ratione
746 3301 881 3366 obversa
904 3301 1048 3382 oolores;

217 3465 231 3490 ‚
302 3409 355 3489 qui
379 3411 527 3491 quoniam
551 3412 689 3492 quodam
712 3407 885 3494 gignuntur
908 3415 1034 3479 luminis
1057 3415 1140 3496 ictu,

301 3523 382 3587 seire
405 3524 497 3598 11001,
514 3525 582 3589 sine
606 3546 643 3590 00
666 3525 732 3591 fieri
756 3547 820 3592 non
842 3545 938 3610 posse
960 3530 1134 3610 putandum
1158 3534 1225 3592 est.

225 3655 276 3703 810
302 3641 334 3701 et
357 3637 505 3718 quoniam
529 3639 647 3722 plagae
671 3639 831 3722 quoddam
854 3660 956 3724 genus
979 3643 1096 3726 exeipit
1116 3642 1149 3706 in
1172 3661 1207 3708 se

300 3752 438 3834 pupula,
456 3772 526 3816 oum
550 3755 667 3818 sentire
690 3755 829 3818 oolorem
852 3754 966 3820 dieitur
986 3758 1115 3840 album,

301 3871 396 3947 atque
418 3867 507 3932 aliud
529 3886 644 3951 porro,
661 3867 785 3949 nigrum
809 3889 879 3934 oum
903 3877 935 3935 et
957 3877 1070 3936 oetera'
1086 3871 1201 3947 sentit,

299 4047 500 4057 ——-n-—..-.-.

304 4167 476 4218 retentores.
492 4165 504 4238 11
520 4172 568 4220 785
579 4177 667 4221 extra.
682 4166 696 4240 Η
709 4173 758 4221 788
768 4170 867 4222 inlicitn
876 4161 1019 4222 tribuamus'
1026 4207 1031 4218 .
1047 4166 1061 4238 ll
1077 4172 1127 4222 790
1138 4176 1237 4220 creatur
1248 4207 1253 4221 .
1270 4165 1284 4239 Η
1300 4171 1347 4221 791
1359 4166 1423 4240 11011

302 4267 348 4302 ea.
369 4251 383 4323 ΙΙ
403 4259 454 4306 800
467 4265 492 4306 01
510 4265 554 4306 aut
573 4256 586 4328 11
607 4259 731 4324 refulget.
753 4256 767 4330 11
786 4262 837 4309 803
850 4259 926 4308 rubro
946 4255 960 4328 ΙΙ
981 4260 1030 4308 805
1051 4259 1194 4307 caeruleum
1214 4257 1227 4326 11
1249 4257 1387 4322 110010ος0
1408 4256 1421 4328 11

302 4341 352 4390 809
371 4351 456 4405 posset
