3140 5032
287 401 351 465 226
827 397 872 462 VI

286 568 390 648 guttai
414 568 468 632 vix
491 569 592 632 instar
614 573 706 634 erunt
728 569 822 632 unius
845 567 1052 651 adaugme03

211 705 260 750 616
287 705 349 764 quo
373 683 477 748 minus
500 691 549 748 est
570 684 683 747 mirum
708 705 794 748 mare
817 705 881 749 nen
904 703 1079 766 augescere
1101 705 1271 768 magnum.

286 805 455 881 praeterea
477 819 628 879 magnam
653 799 701 863 sol
722 806 844 882 partem
869 798 1006 862 detrahit
1028 806 1140 863 aestu.

286 911 404 996 quippe
426 912 570 977 videmus
595 913 677 977 enim
700 914 800 979 vestis
823 933 933 978 umere
956 912 1113 978 madentis

286 1026 449 1092 exsiccare
472 1028 538 1092 suis
562 1028 663 1093 radiis
686 1028 865 1092 ardentibu'
890 1028 1011 1093 solem:

286 1148 319 1206 at
343 1141 460 1224 pelage
483 1144 584 1208 multa
607 1149 638 1207 et
659 1143 724 1208 late
748 1144 910 1208 substrata
932 1143 1098 1208 videmus.

210 1277 259 1323 620
286 1256 420 1339 preinde
444 1258 518 1322 lieet
541 1259 687 1339 quamvis
714 1277 754 1323 ex
777 1279 839 1322 uno
864 1278 990 1340 queque
1013 1257 1084 1338 loco
1109 1259 1158 1322 sel

283 1371 403 1436 umeris
426 1393 558 1456 parvam
581 1373 702 1438 delibet
723 1375 764 1438 ab
789 1393 929 1455 aequore
952 1377 1095 1455 partem:

284 1485 417 1566 largiter
436 1487 470 1550 iu
492 1492 582 1580 tante
605 1488 709 1571 spatie
732 1493 839 1552 tamen
863 1486 989 1552 auferet
1011 1487 1126 1552 undis.

283 1607 350 1666 tum
372 1623 468 1685 perro
491 1603 575 1666 venti
600 1621 727 1683 queque
750 1623 900 1682 magnum
924 1601 1037 1666 tollere
1061 1609 1183 1684 partem

282 1717 401 1781 umeris
424 1723 558 1800 possunt
579 1724 744 1782 verrentes
767 1736 930 1799 aequora,
947 1717 1050 1781 ventis

208 1850 258 1897 626
282 1851 346 1894 una
369 1837 462 1895 nocte
484 1831 553 1895 vias
576 1833 727 1912 queniam
749 1850 907 1915 persaepe
928 1831 1074 1896 videmus

283 1945 397 2008 siccari
421 1945 590 2026 mollisque
614 1946 672 2010 luti
695 1964 900 2010 concrescere
924 1951 1069 2010 crustas.

284 2064 451 2144 praeterea
476 2059 570 2124 docui
592 2061 723 2124 multum
746 2079 873 2141 queque
896 2060 1007 2124 tollere
1030 2061 1130 2126 nubes

281 2191 423 2238 umorem
447 2193 563 2255 magne
587 2180 775 2259 conceptum
798 2185 841 2240 ex'
861 2191 1003 2256 aequore
1025 2175 1135 2257 penti,

281 2287 453 2375 etpassim
477 2294 542 2352 tutu
566 2295 722 2354 terrarum
745 2309 898 2373 spargere
921 2289 953 2352 in
977 2289 1066 2373 orbi,

204 2419 254 2467 630
284 2421 355 2465 eum
378 2402 459 2486 pluit
480 2404 512 2467 in
534 2405 627 2468 terris
651 2410 681 2468 et
703 2404 788 2470 venti
812 2404 922 2468 nubila
943 2410 1089 2486 portant.

281 2522 442 2599 pestremo
468 2518 619 2598 quoniam
642 2539 716 2582 raro
742 2539 813 2584 eum
837 2538 971 2602 corpere
994 2518 1089 2584 tellus

280 2637 348 2714 est,
367 2637 398 2694 et
421 2633 637 2718 coniunctast,
655 2653 727 2698 uras
751 2633 850 2698 maris
872 2634 1013 2715 undique
1037 2634 1190 2714 cingens,

281 2744 396 2830 debet,
413 2752 448 2810 ut
469 2747 503 2810 iu
525 2768 612 2812 mare
635 2747 675 2812 de
698 2749 790 2813 terris
813 2749 900 2812 venit
923 2769 1014 2812 umer
1036 2750 1151 2830 aquai,

282 2859 316 2923 in
338 2866 441 2924 terras
463 2860 576 2926 itidem
600 2883 729 2927 manare
753 2882 794 2928 ex
817 2883 957 2944 aequore
980 2864 1085 2928 salse:

205 2994 255 3042 666
280 2976 462 3059 percolatur
485 2977 569 3040 enim
593 2978 698 3057 virus,
715 2984 863 3060 retroque
887 2983 1034 3043 remanat

282 3089 434 3155 materies
456 3092 575 3156 umeris
598 3099 629 3156 et
651 3092 693 3156 ad
716 3100 812 3176 ceput
834 3094 983 3159 amnibus
1005 3093 1108 3158 emnis

280 3203 430 3288 confluit,
446 3205 522 3270 inde
545 3227 641 3291 super
663 3214 767 3272 terras
791 3208 872 3271 redit
895 3207 1023 3290 agmine
1046 3207 1132 3272 dulci

281 3338 345 3401 qua
368 3319 420 3384 via
443 3327 532 3385 secta
554 3323 654 3387 semel
677 3321 800 3404 liquide
823 3323 906 3405 pede
930 3321 1041 3386 detulit
1063 3323 1207 3412 undas]

318 3435 411 3498 Nunc
433 3435 514 3499 ratic
539 3456 621 3517 quae
645 3436 705 3519 sit,
722 3455 781 3520 per
803 3434 915 3500 fauces
939 3438 1054 3502 mentis
1076 3444 1111 3502 ut
1133 3442 1256 3506 Aetnae

200 3567 250 3618 640
282 3547 427 3630 expirent
449 3549 541 3632 ignes
564 3551 647 3614 inter
669 3550 746 3614 dum
768 3549 894 3613 turbine
915 3554 1024 3634 tante,

281 3661 471 3745 expediam:
488 3682 592 3744 neque
616 3663 700 3727 enim
723 3663 876 3728 mediocri
899 3663 991 3729 clade
1014 3673 1122 3732 coorta

278 3774 427 3841 flammea
449 3784 623 3862 tempestas
646 3777 788 3844 Siculum
811 3781 976 3846 dominata
999 3803 1056 3867 per
1079 3803 1175 3865 agros

280 3889 422 3958 finitimis
445 3893 487 3959 ad
509 3913 546 3960 se
569 3893 725 3961 convertit
746 3896 894 3980 gentibus
918 3917 994 3976 ura,

283 4194 332 4242 616
351 4194 389 4242 sol
408 4209 527 4258 magnam
548 4197 561 4262 Η
582 4199 631 4246 621
652 4198 683 4246 ad
704 4195 718 4264 Η
744 4201 794 4246 624
813 4200 898 4249 venti.
925 4197 938 4266 ΙΙ
964 4203 1013 4248 626
1033 4207 1158 4249 crustuas.
1179 4197 1193 4268 Η
1214 4203 1264 4250 629
1284 4201 1369 4250 orbis.
1392 4201 1404 4268 ij

284 4281 334 4328 632
357 4281 439 4344 magis
468 4282 481 4349 Η
511 4285 561 4332 638
585 4284 644 4334 tulit
672 4282 685 4352 Η
715 4287 764 4334 669
789 4285 877 4336 fauces
907 4283 920 4355 Η
949 4290 997 4336 641
1022 4288 1107 4338 media
1134 4289 1221 4352 grecia
1250 4289 1281 4338 de
1310 4286 1323 4355 Η
1353 4291 1403 4338 642

284 4365 414 4417 Flammae
