<?xml version="1.0" encoding="UTF-8"?>
<!DOCTYPE html PUBLIC "-//W3C//DTD XHTML 1.0 Transitional//EN"
    "http://www.w3.org/TR/xhtml1/DTD/xhtml1-transitional.dtd">
<html xmlns="http://www.w3.org/1999/xhtml" xml:lang="en" lang="en">
 <head>
  <title>
</title>
<meta http-equiv="Content-Type" content="text/html;charset=utf-8" />
  <meta name='ocr-system' content='tesseract 3.04.00' />
  <meta name='ocr-capabilities' content='ocr_page ocr_carea ocr_par ocr_line ocrx_word'/>
</head>
<body>
  <div class='ocr_page' id='page_1' title='image "./tlucreticarider25carugoog_0164.png"; bbox 0 0 3140 5036; ppageno 0'>
   <div class='ocr_carea' id='block_1_1' title="bbox 253 1185 1159 1527">
    <p class='ocr_par' dir='ltr' id='par_1_1' title="bbox 253 1185 1159 1527">
     <span class='ocr_line' id='line_1_1' title="bbox 431 1185 989 1270; baseline 0.004 -2"><span class='ocrx_word' id='word_1_1' title='bbox 431 1186 479 1268; x_wconf 82' lang='lat' dir='ltr'>r.</span> <span class='ocrx_word' id='word_1_2' title='bbox 510 1185 802 1269; x_wconf 62' lang='lat' dir='ltr'>ror&#39;raarr</span> <span class='ocrx_word' id='word_1_3' title='bbox 833 1186 989 1270; x_wconf 66' lang='lat' dir='ltr'>(arar</span> 
     </span>
     <span class='ocr_line' id='line_1_2' title="bbox 253 1419 1159 1527; baseline 0.011 -10"><span class='ocrx_word' id='word_1_4' title='bbox 253 1422 369 1518; x_wconf 78' lang='lat' dir='ltr'>DE</span> <span class='ocrx_word' id='word_1_5' title='bbox 416 1421 736 1524; x_wconf 79' lang='lat' dir='ltr'>RERUM</span> <span class='ocrx_word' id='word_1_6' title='bbox 781 1419 1159 1527; x_wconf 75' lang='lat' dir='ltr'>NATURA</span> 
     </span>
    </p>
   </div>
   <div class='ocr_carea' id='block_1_2' title="bbox 510 1671 900 1764">
    <p class='ocr_par' dir='ltr' id='par_1_2' title="bbox 510 1671 900 1764">
     <span class='ocr_line' id='line_1_3' title="bbox 510 1671 900 1764; baseline 0.01 -30"><span class='ocrx_word' id='word_1_7' title='bbox 510 1671 649 1736; x_wconf 76' lang='lat' dir='ltr'>arear</span> <span class='ocrx_word' id='word_1_8' title='bbox 676 1671 900 1764; x_wconf 77' lang='lat' dir='ltr'>oorrroe.</span> 
     </span>
    </p>
   </div>
   <div class='ocr_carea' id='block_1_3' title="bbox 86 2140 1104 4212">
    <p class='ocr_par' dir='ltr' id='par_1_3' title="bbox 141 2140 1014 2613">
     <span class='ocr_line' id='line_1_4' title="bbox 141 2140 1014 2273; baseline 0.007 -25"><span class='ocrx_word' id='word_1_9' title='bbox 141 2140 229 2255; x_wconf 75' lang='lat' dir='ltr'>Quis</span> <span class='ocrx_word' id='word_1_10' title='bbox 252 2186 336 2269; x_wconf 80' lang='lat' dir='ltr'>potio</span> <span class='ocrx_word' id='word_1_11' title='bbox 360 2193 407 2251; x_wconf 83' lang='lat' dir='ltr'>est</span> <span class='ocrx_word' id='word_1_12' title='bbox 429 2185 559 2266; x_wconf 82' lang='lat' dir='ltr'>dignum</span> <span class='ocrx_word' id='word_1_13' title='bbox 580 2187 712 2270; x_wconf 85' lang='lat' dir='ltr'>pollenti</span> <span class='ocrx_word' id='word_1_14' title='bbox 735 2195 864 2273; x_wconf 80' lang='lat' dir='ltr'>pectore</span> <span class='ocrx_word' id='word_1_15' title='bbox 887 2209 1014 2254; x_wconf 82' lang='lat' dir='ltr'>oarrrrerr</span> 
     </span>
     <span class='ocr_line' id='line_1_5' title="bbox 142 2301 998 2386; baseline 0.002 -20"><span class='ocrx_word' id='word_1_16' title='bbox 142 2301 280 2366; x_wconf 84' lang='lat' dir='ltr'>condere</span> <span class='ocrx_word' id='word_1_17' title='bbox 302 2321 360 2385; x_wconf 91' lang='lat' dir='ltr'>pro</span> <span class='ocrx_word' id='word_1_18' title='bbox 383 2319 488 2364; x_wconf 87' lang='lat' dir='ltr'>rerum</span> <span class='ocrx_word' id='word_1_19' title='bbox 513 2301 677 2367; x_wconf 84' lang='lat' dir='ltr'>maiestate</span> <span class='ocrx_word' id='word_1_20' title='bbox 701 2303 813 2385; x_wconf 80' lang='lat' dir='ltr'>hisque</span> <span class='ocrx_word' id='word_1_21' title='bbox 836 2303 998 2386; x_wconf 76' lang='lat' dir='ltr'><strong>repertis?</strong></span> 
     </span>
     <span class='ocr_line' id='line_1_6' title="bbox 143 2415 1006 2499; baseline 0.005 -20"><span class='ocrx_word' id='word_1_22' title='bbox 143 2416 252 2496; x_wconf 81' lang='lat' dir='ltr'>quisve</span> <span class='ocrx_word' id='word_1_23' title='bbox 275 2416 360 2480; x_wconf 86' lang='lat' dir='ltr'>valet</span> <span class='ocrx_word' id='word_1_24' title='bbox 382 2415 487 2480; x_wconf 81' lang='lat' dir='ltr'>verbio</span> <span class='ocrx_word' id='word_1_25' title='bbox 511 2421 652 2493; x_wconf 78' lang='lat' dir='ltr'>tanturn,</span> <span class='ocrx_word' id='word_1_26' title='bbox 671 2418 723 2498; x_wconf 92' lang='lat' dir='ltr'>qui</span> <span class='ocrx_word' id='word_1_27' title='bbox 749 2417 870 2499; x_wconf 84' lang='lat' dir='ltr'>fingere</span> <span class='ocrx_word' id='word_1_28' title='bbox 893 2417 1006 2483; x_wconf 86' lang='lat' dir='ltr'>laudes</span> 
     </span>
     <span class='ocr_line' id='line_1_7' title="bbox 143 2527 868 2613; baseline 0.006 -21"><span class='ocrx_word' id='word_1_29' title='bbox 143 2550 201 2613; x_wconf 93' lang='lat' dir='ltr'>pro</span> <span class='ocrx_word' id='word_1_30' title='bbox 224 2527 345 2594; x_wconf 79' lang='lat' dir='ltr'>meritis</span> <span class='ocrx_word' id='word_1_31' title='bbox 369 2528 438 2594; x_wconf 82' lang='lat' dir='ltr'>eius</span> <span class='ocrx_word' id='word_1_32' title='bbox 460 2529 580 2613; x_wconf 79' lang='lat' dir='ltr'>possit,</span> <span class='ocrx_word' id='word_1_33' title='bbox 598 2530 650 2611; x_wconf 92' lang='lat' dir='ltr'>qui</span> <span class='ocrx_word' id='word_1_34' title='bbox 673 2531 753 2594; x_wconf 87' lang='lat' dir='ltr'>talia</span> <span class='ocrx_word' id='word_1_35' title='bbox 776 2533 868 2596; x_wconf 80' lang='lat' dir='ltr'>nobis</span> 
     </span>
    </p>

    <p class='ocr_par' dir='ltr' id='par_1_4' title="bbox 103 2644 1104 3186">
     <span class='ocr_line' id='line_1_8' title="bbox 103 2644 1006 2729; baseline -0.002 -19"><span class='ocrx_word' id='word_1_36' title='bbox 103 2664 118 2710; x_wconf 75' lang='lat' dir='ltr'>a</span> <span class='ocrx_word' id='word_1_37' title='bbox 143 2651 270 2726; x_wconf 82' lang='lat' dir='ltr'>pectore</span> <span class='ocrx_word' id='word_1_38' title='bbox 293 2649 385 2728; x_wconf 77' lang='lat' dir='ltr'>parta</span> <span class='ocrx_word' id='word_1_39' title='bbox 408 2663 465 2708; x_wconf 76' lang='lat' dir='ltr'>ruo</span> <span class='ocrx_word' id='word_1_40' title='bbox 490 2644 698 2726; x_wconf 78' lang='lat' dir='ltr'>quaesitaque</span> <span class='ocrx_word' id='word_1_41' title='bbox 720 2647 865 2729; x_wconf 87' lang='lat' dir='ltr'>praemia</span> <span class='ocrx_word' id='word_1_42' title='bbox 888 2647 1006 2729; x_wconf 82' lang='lat' dir='ltr'>liquit?</span> 
     </span>
     <span class='ocr_line' id='line_1_9' title="bbox 142 2758 991 2844; baseline 0.002 -23"><span class='ocrx_word' id='word_1_43' title='bbox 142 2778 235 2823; x_wconf 88' lang='lat' dir='ltr'>nemo</span> <span class='ocrx_word' id='word_1_44' title='bbox 248 2765 305 2842; x_wconf 85' lang='lat' dir='ltr'><strong>,·ut</strong></span> <span class='ocrx_word' id='word_1_45' title='bbox 328 2758 460 2843; x_wconf 89' lang='lat' dir='ltr'>opinor,</span> <span class='ocrx_word' id='word_1_46' title='bbox 478 2758 537 2824; x_wconf 87' lang='lat' dir='ltr'>erit</span> <span class='ocrx_word' id='word_1_47' title='bbox 559 2759 685 2822; x_wconf 82' lang='lat' dir='ltr'><strong>mortali</strong></span> <span class='ocrx_word' id='word_1_48' title='bbox 709 2779 842 2844; x_wconf 91' lang='lat' dir='ltr'>eorpore</span> <span class='ocrx_word' id='word_1_49' title='bbox 865 2767 991 2826; x_wconf 83' lang='lat' dir='ltr'>cretus.</span> 
     </span>
     <span class='ocr_line' id='line_1_10' title="bbox 144 2872 1005 2958; baseline 0.003 -23"><span class='ocrx_word' id='word_1_50' title='bbox 144 2891 217 2936; x_wconf 88' lang='lat' dir='ltr'>nam</span> <span class='ocrx_word' id='word_1_51' title='bbox 240 2873 287 2951; x_wconf 84' lang='lat' dir='ltr'>si,</span> <span class='ocrx_word' id='word_1_52' title='bbox 304 2879 338 2936; x_wconf 89' lang='lat' dir='ltr'>ut</span> <span class='ocrx_word' id='word_1_53' title='bbox 360 2873 431 2956; x_wconf 84' lang='lat' dir='ltr'>ipsa</span> <span class='ocrx_word' id='word_1_54' title='bbox 454 2873 534 2957; x_wconf 84' lang='lat' dir='ltr'>petit</span> <span class='ocrx_word' id='word_1_55' title='bbox 557 2872 708 2939; x_wconf 83' lang='lat' dir='ltr'>maiestas</span> <span class='ocrx_word' id='word_1_56' title='bbox 731 2875 860 2958; x_wconf 80' lang='lat' dir='ltr'>eognita</span> <span class='ocrx_word' id='word_1_57' title='bbox 883 2895 1005 2957; x_wconf 82' lang='lat' dir='ltr'>reruni,</span> 
     </span>
     <span class='ocr_line' id='line_1_11' title="bbox 146 2986 1104 3074; baseline 0.004 -26"><span class='ocrx_word' id='word_1_58' title='bbox 146 2986 315 3051; x_wconf 85' lang='lat' dir='ltr'>dicendum</span> <span class='ocrx_word' id='word_1_59' title='bbox 340 2994 407 3065; x_wconf 83' lang='lat' dir='ltr'>est,</span> <span class='ocrx_word' id='word_1_60' title='bbox 424 2987 503 3051; x_wconf 85' lang='lat' dir='ltr'>deus</span> <span class='ocrx_word' id='word_1_61' title='bbox 525 2989 580 3052; x_wconf 91' lang='lat' dir='ltr'>ille</span> <span class='ocrx_word' id='word_1_62' title='bbox 603 2987 681 3072; x_wconf 58' lang='lat' dir='ltr'>fuir,</span> <span class='ocrx_word' id='word_1_63' title='bbox 699 2989 797 3067; x_wconf 78' lang='lat' dir='ltr'>deuo,</span> <span class='ocrx_word' id='word_1_64' title='bbox 813 2991 930 3074; x_wconf 83' lang='lat' dir='ltr'>inelyte</span> <span class='ocrx_word' id='word_1_65' title='bbox 955 2991 1104 3066; x_wconf 81' lang='lat' dir='ltr'>Monuni,</span> 
     </span>
     <span class='ocr_line' id='line_1_12' title="bbox 144 3096 1001 3186; baseline 0.006 -22"><span class='ocrx_word' id='word_1_66' title='bbox 144 3103 198 3184; x_wconf 89' lang='lat' dir='ltr'>qui</span> <span class='ocrx_word' id='word_1_67' title='bbox 220 3096 369 3185; x_wconf 82' lang='lat' dir='ltr'>prinoep&#39;s</span> <span class='ocrx_word' id='word_1_68' title='bbox 393 3102 477 3166; x_wconf 86' lang='lat' dir='ltr'>vitae</span> <span class='ocrx_word' id='word_1_69' title='bbox 501 3103 656 3167; x_wconf 85' lang='lat' dir='ltr'>rationem</span> <span class='ocrx_word' id='word_1_70' title='bbox 680 3104 800 3167; x_wconf 88' lang='lat' dir='ltr'>invenit</span> <span class='ocrx_word' id='word_1_71' title='bbox 822 3124 893 3168; x_wconf 87' lang='lat' dir='ltr'>earn</span> <span class='ocrx_word' id='word_1_72' title='bbox 919 3125 1001 3186; x_wconf 83' lang='lat' dir='ltr'>quae</span> 
     </span>
    </p>

    <p class='ocr_par' dir='ltr' id='par_1_5' title="bbox 86 3217 992 3759">
     <span class='ocr_line' id='line_1_13' title="bbox 86 3217 969 3301; baseline -0.001 -19"><span class='ocrx_word' id='word_1_73' title='bbox 86 3238 119 3282; x_wconf 89' lang='lat' dir='ltr'>ro</span> <span class='ocrx_word' id='word_1_74' title='bbox 145 3237 228 3280; x_wconf 89' lang='lat' dir='ltr'>nune</span> <span class='ocrx_word' id='word_1_75' title='bbox 249 3217 431 3301; x_wconf 71' lang='lat' dir='ltr'>appellatur</span> <span class='ocrx_word' id='word_1_76' title='bbox 454 3217 633 3300; x_wconf 84' lang='lat' dir='ltr'>sapientia,</span> <span class='ocrx_word' id='word_1_77' title='bbox 652 3217 769 3298; x_wconf 89' lang='lat' dir='ltr'>quique</span> <span class='ocrx_word' id='word_1_78' title='bbox 792 3238 848 3300; x_wconf 90' lang='lat' dir='ltr'>per</span> <span class='ocrx_word' id='word_1_79' title='bbox 871 3225 969 3282; x_wconf 81' lang='lat' dir='ltr'>arteni</span> 
     </span>
     <span class='ocr_line' id='line_1_14' title="bbox 142 3330 909 3412; baseline 0.003 -18"><span class='ocrx_word' id='word_1_80' title='bbox 142 3330 285 3395; x_wconf 81' lang='lat' dir='ltr'>fluetibus</span> <span class='ocrx_word' id='word_1_81' title='bbox 308 3351 325 3395; x_wconf 90' lang='lat' dir='ltr'>e</span> <span class='ocrx_word' id='word_1_82' title='bbox 348 3331 444 3395; x_wconf 84' lang='lat' dir='ltr'>tantis</span> <span class='ocrx_word' id='word_1_83' title='bbox 468 3331 563 3395; x_wconf 85' lang='lat' dir='ltr'>vitam</span> <span class='ocrx_word' id='word_1_84' title='bbox 587 3332 746 3412; x_wconf 85' lang='lat' dir='ltr'>tantisque</span> <span class='ocrx_word' id='word_1_85' title='bbox 768 3333 909 3397; x_wconf 81' lang='lat' dir='ltr'>tenebris</span> 
     </span>
     <span class='ocr_line' id='line_1_15' title="bbox 142 3443 963 3534; baseline 0.007 -28"><span class='ocrx_word' id='word_1_86' title='bbox 142 3443 175 3506; x_wconf 88' lang='lat' dir='ltr'>in</span> <span class='ocrx_word' id='word_1_87' title='bbox 198 3450 263 3509; x_wconf 81' lang='lat' dir='ltr'>tam</span> <span class='ocrx_word' id='word_1_88' title='bbox 285 3446 455 3534; x_wconf 85' lang='lat' dir='ltr'>¹tranquillo</span> <span class='ocrx_word' id='word_1_89' title='bbox 479 3453 511 3510; x_wconf 85' lang='lat' dir='ltr'>et</span> <span class='ocrx_word' id='word_1_90' title='bbox 533 3453 598 3510; x_wconf 77' lang='lat' dir='ltr'>ianr</span> <span class='ocrx_word' id='word_1_91' title='bbox 622 3446 710 3510; x_wconf 90' lang='lat' dir='ltr'>elara</span> <span class='ocrx_word' id='word_1_92' title='bbox 732 3447 803 3512; x_wconf 90' lang='lat' dir='ltr'>luee</span> <span class='ocrx_word' id='word_1_93' title='bbox 825 3447 963 3512; x_wconf 80' lang='lat' dir='ltr'>locarit.</span> 
     </span>
     <span class='ocr_line' id='line_1_16' title="bbox 145 3559 969 3648; baseline 0.005 -26"><span class='ocrx_word' id='word_1_94' title='bbox 145 3559 252 3624; x_wconf 85' lang='lat' dir='ltr'>confer</span> <span class='ocrx_word' id='word_1_95' title='bbox 276 3559 359 3623; x_wconf 90' lang='lat' dir='ltr'>enim</span> <span class='ocrx_word' id='word_1_96' title='bbox 382 3560 492 3624; x_wconf 89' lang='lat' dir='ltr'>divina</span> <span class='ocrx_word' id='word_1_97' title='bbox 514 3561 649 3648; x_wconf 87' lang='lat' dir='ltr'>aliorum</span> <span class='ocrx_word' id='word_1_98' title='bbox 672 3563 803 3644; x_wconf 84' lang='lat' dir='ltr'>antiqua</span> <span class='ocrx_word' id='word_1_99' title='bbox 824 3568 969 3646; x_wconf 76' lang='lat' dir='ltr'>reperta.</span> 
     </span>
     <span class='ocr_line' id='line_1_17' title="bbox 144 3673 992 3759; baseline 0.007 -23"><span class='ocrx_word' id='word_1_100' title='bbox 144 3693 282 3755; x_wconf 87' lang='lat' dir='ltr'>namque</span> <span class='ocrx_word' id='word_1_101' title='bbox 305 3673 402 3740; x_wconf 79' lang='lat' dir='ltr'>Ceres</span> <span class='ocrx_word' id='word_1_102' title='bbox 425 3673 526 3740; x_wconf 89' lang='lat' dir='ltr'>fertur</span> <span class='ocrx_word' id='word_1_103' title='bbox 548 3675 656 3758; x_wconf 80' lang='lat' dir='ltr'>fruges</span> <span class='ocrx_word' id='word_1_104' title='bbox 679 3677 838 3758; x_wconf 89' lang='lat' dir='ltr'>Liberque</span> <span class='ocrx_word' id='word_1_105' title='bbox 859 3676 992 3759; x_wconf 84' lang='lat' dir='ltr'>liquoris</span> 
     </span>
    </p>

    <p class='ocr_par' dir='ltr' id='par_1_6' title="bbox 86 3787 1063 4212">
     <span class='ocr_line' id='line_1_18' title="bbox 86 3787 851 3871; baseline 0.004 -19"><span class='ocrx_word' id='word_1_106' title='bbox 86 3807 117 3854; x_wconf 85' lang='lat'>15</span> <span class='ocrx_word' id='word_1_107' title='bbox 142 3787 273 3871; x_wconf 81' lang='lat' dir='ltr'>vitigeni</span> <span class='ocrx_word' id='word_1_108' title='bbox 296 3788 423 3853; x_wconf 77' lang='lat' dir='ltr'>laticem</span> <span class='ocrx_word' id='word_1_109' title='bbox 448 3791 633 3855; x_wconf 80' lang='lat' dir='ltr'>mortalibus</span> <span class='ocrx_word' id='word_1_110' title='bbox 656 3791 851 3871; x_wconf 81' lang='lat' dir='ltr'>instituisse3</span> 
     </span>
     <span class='ocr_line' id='line_1_19' title="bbox 142 3892 1014 3984; baseline 0.001 -18"><span class='ocrx_word' id='word_1_111' title='bbox 142 3892 214 3966; x_wconf 84' lang='lat' dir='ltr'>eum</span> <span class='ocrx_word' id='word_1_112' title='bbox 236 3908 344 3966; x_wconf 86' lang='lat' dir='ltr'>tamen</span> <span class='ocrx_word' id='word_1_113' title='bbox 366 3901 416 3966; x_wconf 82' lang='lat' dir='ltr'>his</span> <span class='ocrx_word' id='word_1_114' title='bbox 438 3909 547 3984; x_wconf 82' lang='lat' dir='ltr'>posset</span> <span class='ocrx_word' id='word_1_115' title='bbox 570 3903 637 3966; x_wconf 83' lang='lat' dir='ltr'>sine</span> <span class='ocrx_word' id='word_1_116' title='bbox 660 3905 755 3968; x_wconf 84' lang='lat' dir='ltr'>rebus</span> <span class='ocrx_word' id='word_1_117' title='bbox 777 3905 842 3967; x_wconf 82' lang='lat' dir='ltr'>vita</span> <span class='ocrx_word' id='word_1_118' title='bbox 864 3922 1014 3980; x_wconf 84' lang='lat' dir='ltr'>manere,</span> 
     </span>
     <span class='ocr_line' id='line_1_20' title="bbox 142 4015 1063 4108; baseline -0.002 -29"><span class='ocrx_word' id='word_1_119' title='bbox 142 4022 177 4080; x_wconf 86' lang='lat' dir='ltr'>ut</span> <span class='ocrx_word' id='word_1_120' title='bbox 198 4015 283 4080; x_wconf 88' lang='lat' dir='ltr'>fama</span> <span class='ocrx_word' id='word_1_121' title='bbox 306 4021 353 4080; x_wconf 83' lang='lat' dir='ltr'>est-</span> <span class='ocrx_word' id='word_1_122' title='bbox 375 4015 504 4096; x_wconf 86' lang='lat' dir='ltr'>aliquas</span> <span class='ocrx_word' id='word_1_123' title='bbox 527 4015 623 4100; x_wconf 79' lang='lat' dir='ltr'>etiam</span> <span class='ocrx_word' id='word_1_124' title='bbox 647 4035 729 4080; x_wconf 88' lang='lat' dir='ltr'>nuno</span> <span class='ocrx_word' id='word_1_125' title='bbox 751 4015 856 4079; x_wconf 87' lang='lat' dir='ltr'>vivere</span> <span class='ocrx_word' id='word_1_126' title='bbox 879 4016 1003 4096; x_wconf 79' lang='lat' dir='ltr'>gentis:</span> <span class='ocrx_word' id='word_1_127' title='bbox 1055 4096 1063 4108; x_wconf 93' lang='lat'>.</span> 
     </span>
     <span class='ocr_line' id='line_1_21' title="bbox 142 4127 963 4212; baseline -0.002 -20"><span class='ocrx_word' id='word_1_128' title='bbox 142 4133 175 4192; x_wconf 85' lang='lat' dir='ltr'>at</span> <span class='ocrx_word' id='word_1_129' title='bbox 196 4127 280 4194; x_wconf 88' lang='lat' dir='ltr'>bene</span> <span class='ocrx_word' id='word_1_130' title='bbox 302 4149 367 4194; x_wconf 90' lang='lat' dir='ltr'>non</span> <span class='ocrx_word' id='word_1_131' title='bbox 388 4133 517 4212; x_wconf 86' lang='lat' dir='ltr'>poterat</span> <span class='ocrx_word' id='word_1_132' title='bbox 538 4129 606 4194; x_wconf 83' lang='lat' dir='ltr'>sine</span> <span class='ocrx_word' id='word_1_133' title='bbox 629 4149 707 4212; x_wconf 93' lang='lat' dir='ltr'>puro</span> <span class='ocrx_word' id='word_1_134' title='bbox 730 4134 857 4212; x_wconf 81' lang='lat' dir='ltr'>pectore</span> <span class='ocrx_word' id='word_1_135' title='bbox 879 4129 963 4206; x_wconf 86' lang='lat' dir='ltr'>vivi;</span> 
     </span>
    </p>
   </div>
   <div class='ocr_carea' id='block_1_4' title="bbox 146 4368 1070 4442">
    <p class='ocr_par' dir='ltr' id='par_1_7' title="bbox 146 4368 1070 4442">
     <span class='ocr_line' id='line_1_22' title="bbox 146 4368 1070 4442; baseline 0 -22"><span class='ocrx_word' id='word_1_136' title='bbox 146 4373 161 4420; x_wconf 84' lang='lat'>2</span> <span class='ocrx_word' id='word_1_137' title='bbox 181 4371 319 4422; x_wconf 84' lang='lat' dir='ltr'>maiestatis</span> <span class='ocrx_word' id='word_1_138' title='bbox 337 4379 413 4436; x_wconf 75' lang='lat' dir='ltr'>atque</span> <span class='ocrx_word' id='word_1_139' title='bbox 432 4369 445 4442; x_wconf 89' lang='grc' dir='ltr'>ΙΙ</span> <span class='ocrx_word' id='word_1_140' title='bbox 467 4375 481 4423; x_wconf 77' lang='grc'><strong>5</strong></span> <span class='ocrx_word' id='word_1_141' title='bbox 502 4371 616 4438; x_wconf 76' lang='lat' dir='ltr'>quaesita</span> <span class='ocrx_word' id='word_1_142' title='bbox 636 4373 648 4441; x_wconf 67' lang='lat' dir='ltr'>i}</span> <span class='ocrx_word' id='word_1_143' title='bbox 672 4375 702 4422; x_wconf 80' lang='lat'>12</span> <span class='ocrx_word' id='word_1_144' title='bbox 722 4371 838 4422; x_wconf 86' lang='lat' dir='ltr'>vocavit.</span> <span class='ocrx_word' id='word_1_145' title='bbox 860 4368 873 4440; x_wconf 71' lang='grc' dir='ltr'>Η</span> <span class='ocrx_word' id='word_1_146' title='bbox 895 4373 927 4420; x_wconf 92' lang='grc'>14</span> <span class='ocrx_word' id='word_1_147' title='bbox 945 4385 1016 4435; x_wconf 78' lang='lat' dir='ltr'>geres</span> <span class='ocrx_word' id='word_1_148' title='bbox 1059 4377 1070 4395; x_wconf 70' lang='lat'><strong>⁹</strong></span> 
     </span>
    </p>
   </div>
   <div class='ocr_carea' id='block_1_5' title="bbox 0 0 1591 5036">
    <p class='ocr_par' dir='ltr' id='par_1_8' title="bbox 0 0 1591 5036">
     <span class='ocr_line' id='line_1_23' title="bbox 0 0 1591 5036; baseline 0 0"><span class='ocrx_word' id='word_1_149' title='bbox 0 0 1591 5036; x_wconf 95' lang='lat' dir='ltr'> </span> 
     </span>
    </p>
   </div>
  </div>
 </body>
</html>
