3140 5036
269 322 329 384 104
804 314 854 376 III

269 505 368 567 quare
392 487 523 551 dissolui
546 503 672 565 quoque
696 483 814 550 debent
834 503 930 568 posse
952 503 1011 568 per
1033 489 1143 566 artus,'

268 597 407 681 denique
430 607 464 664 ut
486 601 645 665 intereant
665 619 730 663 una
753 619 823 663 cum
847 617 979 683 corpore
1002 603 1153 662 cunctae.

195 733 244 778 760
269 713 318 776 sin
341 717 464 779 animas
486 714 648 779 hominum
671 711 777 777 dicent
798 713 830 776 in
854 733 988 796 corpora
1012 731 1139 797 semper
1245 687 1253 704 ⁸

269 825 316 890 ire
338 825 497 910 humana,
514 838 619 896 tamen
644 846 795 907 quaeram
817 847 872 891 cur
894 845 913 891 e
935 826 1073 910 sapienti

268 945 363 1007 stulta
386 952 481 1027 queat
502 945 590 1022 fieri,
607 961 666 1006 nec
688 939 829 1024 prudens
852 939 892 1004 sit
913 959 992 1024 puer
1014 940 1119 1024 ullus,
1202 966 1207 974 ·

195 1077 244 1122 764
268 1063 417 1123 nectam
440 1059 553 1124 doctus
576 1075 675 1139 equae
697 1053 805 1138 pullus
829 1073 926 1135 quam
948 1052 1039 1118 fortis
1063 1053 1135 1134 equi
1157 1053 1233 1118 vis?

268 1171 408 1250 scilicet,
424 1171 457 1234 in
479 1176 589 1235 tenero
613 1176 816 1234 tenerascere
840 1186 973 1250 corpore
994 1173 1134 1232 mentem

269 1284 473 1370 confugient.
490 1284 579 1367 quod
603 1283 630 1348 si
652 1283 716 1346 ium
738 1281 792 1359 fit,
808 1280 928 1346 fateare
950 1287 1113 1346 necessest

269 1400 437 1464 mortalem
460 1419 531 1465 esse
554 1399 713 1480 animam,
731 1395 883 1478 quoniam
904 1400 1026 1460 mutata
1048 1414 1105 1480 per
1129 1400 1216 1460 artus

269 1518 356 1575 tanto
381 1531 477 1596 opere
500 1511 614 1576 amittit
634 1511 733 1574 vitam
756 1528 947 1590 sensumque
968 1511 1127 1592 priorem.

268 1644 371 1705 quove
394 1621 488 1688 modo
511 1624 627 1707 poterit
648 1623 767 1707 pariter
790 1643 859 1686 cum
883 1642 1016 1705 corpore
1040 1643 1167 1706 quoque

194 1757 243 1804 770
269 1739 455 1803 confirmata
478 1738 615 1822 cupitum
639 1737 755 1802 aetatis
777 1716 915 1820 tangere
934 1736 1043 1802 florem

267 1853 316 1916 vis
339 1852 457 1930 animi,
474 1852 536 1915 nisi
559 1850 619 1916 erit
642 1870 772 1914 consors
795 1851 828 1914 in
851 1851 974 1934 origine
997 1851 1127 1934 prima?

269 1965 384 2047 quidve
399 1965 493 2050 foras
517 1965 577 2030 sibi
599 1965 666 2028 vult
689 1965 838 2029 membris
861 1965 949 2030 exire
972 1965 1137 2030 senectia?

268 2099 311 2143 an
333 2080 443 2144 metuit
467 2080 620 2145 conclusa
642 2098 773 2144 manere
796 2079 829 2142 in
853 2099 986 2163 corpore
1008 2080 1120 2164 putri:

244 2193 299 2257 ¹et
321 2193 434 2258 domus
457 2195 570 2260 aetatis
594 2195 697 2278 spatio
721 2214 760 2259 ne
783 2194 869 2258 fessa
891 2177 1016 2259 vetusto

194 2327 243 2375 775
268 2307 408 2371 obruat?
424 2314 457 2371 at
479 2329 543 2374 non
566 2314 639 2372 sunt
661 2309 831 2374 immortali
853 2310 921 2374 ulla
942 2309 1083 2392 pericla.
1145 2363 1156 2376 .
1247 2342 1253 2354 ·

310 2422 456 2504 Denique
480 2422 616 2488 conubia
639 2422 682 2486 ad
705 2423 838 2488 Veneris
861 2429 1033 2508 partusque
1056 2421 1194 2487 ferarum

268 2555 338 2600 esse
362 2536 487 2602 animas
509 2543 617 2622 presto
641 2537 850 2627 deridiculum
873 2557 946 2603 esse
968 2538 1111 2621 videtur,

269 2658 441 2736 expectare
463 2653 650 2718 immortalis
673 2653 822 2717 mortalia
844 2654 986 2718 membra

267 2765 432 2832 innumero
456 2788 608 2844 numero,
625 2773 812 2850 certareque
834 2772 1122 2850 praeproperanter
1167 2751 1171 2758 ’

194 2901 244 2948 7so
269 2881 351 2946 inter
374 2901 409 2946 se
433 2901 517 2964 quae
539 2883 643 2966 prima
665 2881 894 2966 potissimaque
916 2882 1115 2960 insinuetur;

267 2995 293 3060 si
316 3016 381 3059 non
406 2997 487 3062 forte
509 2997 554 3062 ita
577 3003 651 3062 sunt
669 2998 846 3062 animarum
868 2997 1000 3062 foedera
1021 3002 1136 3081 pacta,

267 3115 302 3173 ut
327 3129 408 3191 quac
430 3111 534 3192 prima
556 3111 673 3177 volans
695 3113 862 3177 advenerit
882 3113 1059 3178 insinuetur

267 3224 390 3309 prima,
407 3243 512 3307 neque
533 3225 615 3290 inter
638 3245 673 3290 se
696 3227 891 3291 contendant
914 3225 1035 3290 viribus
1058 3225 1180 3289 hilum.

310 3338 456 3420 Denique
478 3341 510 3403 in
533 3340 663 3404 aethere
685 3360 749 3403 non
772 3341 888 3424 arbor,
905 3362 968 3406 non
991 3359 1130 3421 aequore
1153 3339 1239 3406 salso

194 3471 243 3520 785
269 3452 369 3516 nubes
392 3471 464 3516 esse
487 3459 626 3536 queunt,
643 3472 703 3518 nec
724 3453 830 3537 pisces
854 3454 960 3518 vivere
982 3455 1015 3517 in
1037 3454 1140 3538 arvis,

269 3583 328 3629 nec
351 3584 444 3629 cruor
464 3565 498 3628 in
518 3565 616 3646 liguis
637 3587 741 3648 neque
764 3569 850 3634 saxis
873 3588 967 3633 sucus
989 3567 1116 3632 inesse.

213 3687 214 3692 ’
268 3684 387 3744 certum
410 3699 449 3743 ao
471 3679 692 3764 dispositumst
714 3682 768 3746 ubi
792 3682 932 3764 quicquit
953 3689 1075 3747 crescat
1097 3688 1129 3748 et
1150 3682 1244 3746 insit.

269 3794 315 3859 sic
337 3793 435 3858 animi
457 3799 574 3858 natura
596 3795 707 3877 nequit
729 3795 797 3860 sine
820 3815 952 3879 corpore
976 3795 1051 3860 oriri

267 3909 338 3974 sola
361 3928 465 3992 neque
487 3929 507 3974 a
530 3909 637 3976 nervis
659 3915 690 3975 et
713 3908 870 3992 sanguine
892 3909 1030 3995 longiter
1051 3929 1142 3975 esse.

266 4073 466 4083 -n-—...—

271 4180 321 4227 760
340 4177 383 4228 Sic
404 4174 416 4244 ll
436 4193 542 4242 corpore
562 4177 576 4247 Η
602 4182 763 4229 7633746.1
782 4176 794 4247 Η
822 4182 872 4229 764
890 4179 980 4244 paulus
1003 4175 1015 4246 Η
1044 4181 1092 4230 775
1111 4179 1163 4227 iam
1181 4177 1282 4230 mortali
1303 4173 1316 4246 Η
1338 4179 1388 4230 784

269 4263 295 4314 in
315 4264 383 4313 alto.
404 4261 418 4338 ll
439 4267 487 4314 785
506 4264 579 4319 Nube
599 4264 613 4336 ΙΙ
635 4266 804 4329 78910ugius
