3108 5034
301 399 339 462 12
852 399 866 461 Ι

226 588 276 633 aro
301 567 476 648 silvifragis
498 573 594 631 vexat
615 568 743 632 flabris:
767 568 811 630 ita
834 567 968 650 perfurit
990 568 1055 632 aeri
1153 615 1156 620 Α

297 701 366 744 curn
390 680 517 747 fremitu
540 682 708 762 saevitque
731 681 847 747 minaci
871 702 1029 774 murmure
1052 690 1188 746 ventus.

298 803 370 859 sunt
391 796 487 879 igitur
508 797 615 872 venti,
639 797 670 859 ni
693 796 826 878 mirum,
851 816 985 878 corpora
1008 815 1125 879 caeca,

299 929 381 989 quae
404 930 510 988 mare,
535 930 617 991 quae
640 916 762 992 terras,
788 929 871 990 quae
895 910 1033 990 denique
1058 911 1166 974 nubila
1191 911 1271 975 caeli

299 1031 429 1088 verrunt
451 1044 489 1088 ac
513 1025 617 1089 subito
641 1024 791 1118 vexaptia
813 1023 938 1088 turbine
962 1017 1108 1106 raptant,
1136 1047 1139 1052 ·

225 1158 276 1202 aso
298 1157 358 1202 nec
380 1137 502 1202 ratione
525 1137 626 1202 fluunt
648 1137 714 1200 alia
729 1139 1161 1230 'stragemque'propagann

297 1257 328 1314 et
350 1270 418 1314 cum
443 1252 548 1316 mollis
571 1271 675 1332 aquae
697 1249 798 1314 fertur·
820 1257 934 1314 natura
956 1256 1086 1333 repente

297 1363 426 1430 flumine
449 1366 645 1458 abundanti,
669 1385 764 1445 quam
788 1366 888 1446 largis
909 1365 1063 1429 imbribus
1086 1372 1183 1447 auget

298 1480 456 1543 montibus
480 1500 519 1543 ex
541 1481 615 1544 altis
639 1499 773 1560 magnus
797 1479 951 1543 decursus
974 1478 1091 1561 aquai,

297 1592 455 1674 fragmina
478 1593 637 1657 coniciens
661 1593 815 1657 silvarum
838 1592 1032 1670 arbustaque
1055 1599 1122 1655 tota
1134 1642 1142 1673 ,

225 1727 275 1772 aas
298 1725 356 1770 nec
378 1706 475 1770 validi
499 1711 633 1789 possunt
655 1713 768 1790 pontes
790 1705 947 1770 venientis
970 1706 1067 1785 aquai

296 1820 359 1882 vim
383 1820 518 1884 subitam
541 1820 698 1885 tolerare:
723 1820 768 1884 ita
790 1839 907 1900 magno
931 1818 1077 1884 turbidus
1100 1820 1192 1883 imbri
1232 1855 1241 1882 ι

297 1933 434 1998 molibus
457 1935 607 2017 incurrit,
631 1934 746 1998 validis
769 1954 840 1997 cum
864 1934 1001 2016 viribus,
1026 1935 1148 2010 amnis,

210 2125 216 2140 ..
298 2047 353 2110 dat
377 2048 482 2112 sonitu
504 2068 621 2130 magno
646 2053 805 2130 stragem,
829 2048 991 2127 volvitque
1015 2048 1073 2111 sub
1096 2047 1190 2112 undis

296 2161 432 2244 grandia
455 2182 554 2237 saxa,
577 2161 703 2242 ruitque
726 2161 770 2225 ita
793 2161 947 2242 quidquid
969 2161 1118 2226 fluctibus
1141 2162 1264 2226 obstat.

224 2297 274 2342 roo
298 2275 343 2340 sic
367 2275 461 2358 igitur
484 2276 602 2340 debent
622 2277 709 2340 venti
734 2295 861 2356 quoque
883 2275 1013 2339 flamina
1035 2275 1131 2352 ferri,

297 2410 381 2471 quae
403 2391 453 2454 vel
477 2391 520 2452 uti
544 2390 684 2454 validum
708 2410 778 2453 cum
801 2390 918 2454 flumen
941 2391 1137 2473 procubuere

298 2525 393 2586 quam
415 2505 493 2568 libet
514 2504 547 2567 in
570 2510 711 2586 partem,
736 2505 864 2568 trudunt
887 2523 937 2568 res
961 2510 1034 2568 ante
1061 2509 1214 2585 ruuntque

295 2619 464 2702 impetibus
487 2619 626 2691 crebris,
650 2619 731 2682 inter
754 2617 828 2681 dum
851 2619 969 2683 vertice
992 2624 1082 2682 torto.

297 2733 471 2816 corripiunt
492 2732 670 2816 rapideque
693 2735 811 2797 rotanti
834 2734 960 2798 turbine
982 2739 1130 2815 portant.

224 2868 273 2914 auu
298 2867 397 2928 quare
419 2848 514 2911 etiam
537 2854 631 2927 atque
655 2847 749 2910 etiam
773 2853 846 2910 sunt
868 2847 954 2911 venti
977 2867 1111 2932 corpora
1134 2869 1251 2932 caeca,

297 2959 556 3042 quandoquidem
579 2959 673 3024 factis
697 2968 727 3024 et
748 2962 889 3026 moribus
913 2963 1040 3026 aemula
1063 2965 1187 3047 magnis

296 3073 442 3139 amnibus
464 3073 686 3157 inveniuntur,
710 3082 822 3158 aperto
846 3097 979 3160 corpore
1002 3078 1054 3157 qui
1078 3086 1170 3142 sunt.

295 3196 361 3252 tum
384 3209 478 3272 porro
501 3189 610 3254 varios
634 3187 914 3256 rerum‘seutimus
937 3192 1073 3267 odores,

294 3323 355 3368 neo
377 3308 483 3368 tamen
506 3324 545 3366 ac
568 3303 655 3368 naris
678 3305 834 3369 venientis
857 3306 1012 3370 cernimus
1036 3324 1207 3388 umquam,

201 3439 274 3485 ·3oo
295 3437 355 3482 nec
379 3418 502 3482 calidos
524 3423 632 3482 aestus
654 3418 789 3500 urimur,
814 3437 872 3482 nec
894 3418 1016 3501 frigora
1039 3422 1164 3502 quimus

295 3551 451 3614 usurpare
475 3531 595 3614 oculis,
619 3550 678 3595 nec
700 3551 795 3596 voces
818 3550 949 3596 eernere
972 3553 1117 3612 suemus;

296 3625 379 3726 quae
402 3651 510 3708 tamen
533 3645 641 3707 omnia
664 3664 820 3728 corporea
842 3651 988 3711 constare
1010 3656 1174 3712 necessest

295 3766 431 3836 natura,
456 3760 607 3840 qnoniam
631 3778 744 3824 sensus
766 3758 920 3843 inpellere
942 3767 1094 3841 possunt:

295 3881 427 3957 tangere
450 3872 531 3936 enim
556 3879 587 3936 et
608 3873 719 3952 tangi,
744 3873 807 3937 nisi
830 3893 963 3956 corpus,
987 3874 1076 3938 nulla
1098 3879 1203 3956 potest
1225 3895 1297 3940 res.

220 4007 270 4054 ooo
296 3987 433 4067 denique
455 3987 633 4070 fluctifrago
657 4008 832 4071 suspensae
855 3989 887 4051 in
909 3988 1001 4052 litore
1024 3994 1128 4054 vestes

298 4254 348 4300 276
361 4260 470 4316 pontus.
491 4250 504 4320 ll
527 4253 577 4302 282
592 4268 665 4317 quem
685 4253 697 4324 li
719 4258 768 4306 286
783 4257 897 4306 turbibus
917 4253 930 4324 ΙΙ
951 4258 1000 4306 289
1014 4257 1127 4322 ruitque
1140 4255 1262 4321 quidquid
1281 4253 1294 4326 ll
1315 4259 1366 4305 294
1379 4273 1418 4309 ra·

298 4340 402 4406 pidique
