3108 5034
612 383 636 450 ἶ·
690 421 705 485 1

59 615 110 664 995
136 614 319 678 musarum,
344 615 407 676 quo
430 614 513 658 nune
535 593 703 658 instinctus
724 598 830 657 mente
854 593 975 673 vigenti

137 710 209 775 avia
231 709 392 774 Pieridum
415 729 550 792 peragro
573 708 645 772 1999
667 707 785 770 nullius
808 711 881 772 ante

138 824 211 886 trita
233 824 321 888 solo.
345 824 433 887 iuvat
454 802 597 904 integros
619 825 773 889 aceedere
795 822 893 888 fontis

137 945 232 1019 atque
254 936 402 1020 haurire,
426 936 576 1019 iuvatque
598 958 698 1006 novos
722 940 894 1042 decerpere
916 937 1013 1000 flores

137 1052 362 1133 insignemque
384 1069 455 1115 meo
477 1052 571 1136 eapiti
594 1059 702 1137 petere
725 1051 800 1118 inde
824 1071 994 1132 eoronam,

63 1186 114 1233 999
139 1165 226 1230 unde
247 1165 335 1247 prius
357 1165 435 1229 nulli
457 1166 592 1253 velarint
612 1175 757 1251 tempora
780 1185 912 1245 musae3

139 1281 274 1364 primum
298 1280 384 1361 quod
408 1279 532 1362 magnis
556 1281 655 1346 doeeo
678 1283 718 1346 de
741 1282 837 1347 rebus
861 1287 893 1346 et
913 1281 992 1346 artis

141 1394 331 1476 religionum
354 1395 495 1462 animum
518 1396 612 1462 nodis
634 1398 800 1462 exsolvere
823 1417 942 1481 pergo,

143 1507 258 1573 deinde
282 1508 368 1590 quod
390 1494 524 1574 obseura
548 1511 589 1575 de
610 1531 644 1576 re
666 1518 732 1575 tam
754 1512 860 1576 lueida
882 1531 988 1593 pango

142 1621 302 1704 earmina,
326 1643 458 1688 musaeo
482 1625 669 1708 contingens
692 1631 806 1690 cuneta
828 1625 938 1708 lepore
951 1672 964 1704 .Ὶ

64 1755 116 1801 995
141 1735 175 1798 id
198 1755 325 1817 quoque
349 1737 432 1800 enim
456 1758 518 1800 non
541 1738 584 1802 ab
607 1739 696 1803 nulla
718 1741 840 1804 ratione
864 1740 1009 1819 videtur3

141 1849 272 1914 sedvel
296 1851 338 1914 uti
363 1851 470 1933 pueris
493 1852 655 1918 absinthia
678 1861 780 1919 taetra
802 1854 967 1917 medentes

142 1984 212 2028 euin
236 1963 312 2030 dare
335 1970 508 2042 donantur,
530 1967 620 2049 prius
643 1987 738 2051 oras,
761 1967 877 2050 poeula
899 1967 1038 2040 oireurn,

142 2077 329 2160 contingunt
351 2079 456 2143 mellis
479 2079 562 2145 dulei
584 2080 733 2162 flavoque
756 2081 900 2170 ¹liquore,

140 2197 175 2255 ut
196 2211 366 2274 puerorum
389 2199 482 2258 aetas
505 2194 675 2276 inprovida
697 2195 876 2259 luditioetur

63 2326 116 2373 940
142 2307 305 2370 labrorum
328 2313 441 2390 tenus,
465 2297 587 2372 interea
609 2313 755 2392 perpotet
777 2327 918 2372 amarum

140 2420 280 2485 absinthi
303 2421 449 2504 latioem,
475 2422 673 2506 deceptaque
696 2443 760 2487 non
784 2423 949 2506 capiatur,

144 2535 201 2602 sed
223 2535 330 2619 potius
351 2537 407 2600 tali
430 2543 523 2620 paeto
546 2544 693 2603 recreata
719 2539 881 2620 valescat,

141 2649 188 2715 sie
210 2669 270 2733 ego
293 2670 396 2734 nune‚·
420 2651 570 2732 quoniam
593 2651 673 2716 haee
694 2653 776 2716 ratio
798 2652 987 2734 pierumque
1010 2651 1134 2715 videtur·

144 2764 264 2828 tristior
287 2784 359 2829 esse
383 2765 498 2846 quibus
520 2786 584 2830 non
607 2772 657 2832 est
679 2772 832 2848 tractatu,
858 2770 1004 2846 retroque

64 2900 115 2946 945
143 2878 258 2960 volgus
280 2880 430 2944 abhorret
452 2880 493 2960 ab
515 2879 596 2965 hae,
621 2881 708 2946 votui
729 2881 787 2946 tibi
810 2879 1042 2961 suaviloquenti

145 2992 285 3058 earmine
307 2993 412 3058 Pierio
435 2994 589 3060 rationem
613 3014 773 3079 exponere
796 3001 937 3059 nostram
1027 3015 1030 3023 ’

144 3113 176 3172 et
199 3107 291 3188 quasi
315 3127 445 3172 musaeo
469 3108 554 3172 dulei
578 3110 761 3192 eontingere
784 3109 900 3184 melie;

145 3223 173 3288 si
195 3222 252 3286 tibi
273 3221 357 3286 forte
378 3221 518 3316 animum
543 3222 600 3286 tali
623 3222 745 3286 ratione
767 3226 876 3286 tenere

143 3336 290 3401 versibus
313 3338 346 3400 in
370 3336 485 3400 nostris
508 3356 656 3418 possem,
680 3335 753 3398 dum
776 3333 932 3419 perspicis
956 3353 1079 3398 onmem

66 3473 118 3520 999
144 3458 290 3516 naturam
314 3470 438 3533 rerum,
464 3471 528 3532 qua
551 3454 674 3515 oonstet
695 3455 820 3533 compta
840 3449 963 3531 figura.

189 3565 255 3630 Sed
277 3565 426 3646 quoniam
450 3564 543 3629 doeui
566 3564 760 3629 solidissima
783 3565 929 3629 materiai

146 3701 280 3764 eorpora
302 3685 456 3763 perpetuo
480 3679 613 3744 volitare
636 3680 753 3744 inviota
774 3699 832 3763 per
855 3699 989 3763 aevom,

146 3816 230 3860 nune
252 3813 334 3878 ege,
359 3794 494 3858 summai
517 3795 677 3876 quaedem
700 3794 740 3860 sit
762 3795 834 3860 finis
859 3813 988 3878 eorum,

144 3929 248 3977 neone
272 3910 331 3992 sit,
355 3907 560 3973 evolvamus:
584 3909 660 3973 item
683 3910 769 3990 quod
792 3909 889 3974 inane
913 3914 1104 3992 repertumst

28 4021 30 4024 ’
71 4046 122 4093 999
146 4045 205 4092 999
227 4024 318 4089 19999
340 4043 378 4088 99
401 4023 559 4106 spatium,
583 4023 690 4087 resin
714 4044 776 4104 quo
800 4041 947 4104 quaeque
970 4029 1140 4106 gerantur,

146 4138 373 4222 pervideamus
395 4141 498 4200 utrum
521 4136 642 4200 finitum
665 4135 806 4200 funditus
830 4157 922 4201 omne
1007 4223 1009 4228 Ι

32 4281 34 4326 i

33 4329 36 4400 i
152 4384 199 4430 931
212 4345 303 4444 ¹noeagis
323 4377 337 4447 ii
358 4382 407 4428 932
427 4394 524 4442 pergo.
546 4373 559 4444 ΙΙ
580 4380 629 4426 942
650 4378 718 4426 secto
740 4374 752 4445 Η
774 4379 823 4426 943
843 4343 926 4426 videt.
947 4373 960 4445 Η
981 4380 1032 4426 954
1051 4377 1103 4426 Nee
1122 4379 1155 4427 sit

1050 4481 1070 4544 3
