3140 5032
709 373 752 438 VI

169 548 348 632 orrnspieias
371 548 529 630 hominis,
546 546 580 610 fit
601 551 636 610 ut
658 545 760 612 ornnis
784 545 889 610 dieere
912 553 1027 611 causas

168 665 337 729 conveniat
359 663 434 739 leti,
452 663 575 727 dicatur
597 667 631 724 ut
652 660 740 724 illins
762 681 847 726 una:

168 755 243 844 narn
265 796 372 859 neque
395 797 467 842 eum
491 775 576 842 ferro
600 797 659 841 neo
681 775 799 860 frigore
822 775 950 840 vincere
973 775 1078 858 possis

168 892 328 957 interiisse
351 911 456 973 neque
479 913 499 956 a
521 893 630 956 morbo
654 911 757 972 neque
780 890 861 955 forte
883 909 1029 966 veneno,

94 1026 145 1072 rro
169 1025 282 1071 verum
305 1007 428 1089 aliquid
450 1026 570 1092 genere
592 1025 664 1072 esse
688 1027 729 1071 ex
752 1007 811 1070 hoo
834 1006 918 1089 quod
942 1004 1073 1088 contigit
1096 1005 1124 1070 01

168 1121 306 1186 seimus.
323 1121 397 1185 item
420 1123 451 1184 in
475 1123 583 1187 multis
605 1121 666 1186 hoo
689 1122 786 1186 rebus
809 1120 915 1186 disere
939 1121 1115 1185 habemus.

208 1236 301 1300 Nilus
324 1235 356 1300 in
380 1242 533 1302 aestatem
559 1236 672 1302 erescit
695 1236 882 1321 campisque
904 1235 1080 1318 redundat,
1166 1294 1168 1298 .

168 1351 281 1414 unicus
302 1350 335 1414 in
358 1351 452 1416 terris
475 1353 613 1436 Aegypti
635 1352 732 1417 totius
755 1351 879 1415 amnis.

168 1465 196 1528 is
219 1465 303 1546 rigat
326 1467 508 1551 Aegyptum
531 1469 671 1532 medium
692 1486 750 1551 per
772 1485 870 1549 saepe
894 1466 1052 1538 calorem,

94 1599 144 1645 770
170 1587 226 1643 aut
249 1580 324 1661 quia
347 1588 420 1644 sunt
441 1589 565 1647 aestate
588 1583 756 1664 aquilones
779 1582 861 1646 ostia
885 1587 1015 1655 eontra,

168 1693 245 1757 anni
268 1699 411 1779 tempore
434 1715 472 1761 eo
497 1697 550 1779 qui
574 1698 694 1761 etesiae
718 1716 789 1761 esse
811 1697 974 1772 feruntur,

169 1816 201 1871 et
223 1815 333 1874 eontra
355 1809 483 1874 fluvium
507 1810 620 1875 flantes
642 1817 843 1877 remorantur
866 1818 898 1874 et
920 1811 1024 1873 undas

171 1929 323 2006 cogentes
346 1945 456 1990 sursus
478 1927 602 2013 repient
625 1933 807 2010 coguntque
830 1945 981 1991 manere.

172 2056 245 2100 nam
269 2036 365 2127 dubio
388 2042 500 2124 procul
523 2043 603 2106 haee
627 2043 764 2106 adverso
787 2039 889 2106 flabra
912 2041 1053 2108 feruntur

94 2169 145 2216 rao
172 2149 322 2230 flumine,
340 2175 423 2236 quae
446 2156 562 2238 gelidis
585 2157 625 2220 ab
649 2156 749 2221 stellis
773 2157 843 2221 anis
865 2163 1022 2239 aguntur:

169 2268 223 2332 ille
247 2289 287 2334 ex
311 2268 464 2335 aestifera
485 2271 566 2354 parti
589 2272 675 2338 venit
697 2273 799 2336 amnis
823 2272 864 2336 ab
888 2276 1017 2347 austro,

168 2384 251 2449 inter
274 2385 367 2470 nigra
389 2387 491 2451 virum
513 2394 663 2470 perooeto
687 2388 795 2454 saeoia
818 2388 925 2452 colore

172 2499 320 2566 exoriens
342 2502 468 2586 penitus
491 2502 598 2568 media
622 2504 663 2568 ab
687 2504 816 2588 regione
841 2503 923 2568 diei.

171 2620 220 2678 est
243 2635 367 2697 quoque
389 2617 434 2680 uti
456 2619 558 2702 possit
580 2639 717 2700 magnus
740 2625 910 2703 congestus
932 2619 1074 2682 harenae

96 2749 145 2795 rao
169 2728 315 2796 fluetibus
339 2731 483 2798 adversis
508 2734 654 2818 oppilare
678 2735 761 2800 ostia
784 2741 915 2816 eontra,

169 2863 240 2908 oum
264 2867 352 2913 mare
375 2854 551 2932 permotum
574 2849 677 2914 ventis
700 2851 764 2912 ruit
786 2850 870 2912 intus
893 2849 1067 2923 lrar·enarn;

171 2979 233 3039 quo
256 2960 290 3023 fit
311 2961 356 3024 uti
378 2968 472 3045 paeto
496 2963 576 3028 liber
599 2964 703 3028 minus
727 2964 830 3028 exitus
853 2963 938 3028 anmi

172 3078 203 3135 et
224 3075 373 3156 proelivis
395 3075 471 3139 item
494 3075 550 3140 fiat
571 3077 676 3142 minus
698 3078 835 3162 impetus
859 3076 972 3140 undis.

170 3187 204 3250 fit
227 3209 355 3270 quoque
378 3189 424 3252 uti
446 3189 595 3274 pluviae,
612 3189 743 3276 forsan,
761 3192 865 3275 magis
888 3192 930 3255 ad
955 3196 1050 3273 eaput
1074 3191 1102 3254 ei

95 3321 145 3369 730
171 3308 313 3387 tempore
337 3322 375 3368 00
397 3302 494 3387 11000,
512 3307 598 3388 quod
622 3306 724 3372 etesia
747 3307 848 3370 flabra
872 3306 1056 3387 aquilonum

171 3417 282 3482 nubila
306 3418 466 3483 eonieiunt
489 3419 520 3481 in
545 3439 601 3484 eas
624 3427 698 3486 tune
722 3422 830 3487 omnia
852 3421 971 3506 partis:

151 3531 311 3617 soilioet,
329 3532 372 3596 ad
394 3532 533 3598 mediam
557 3534 721 3616 regionem
745 3537 849 3600 eiecta
872 3535 937 3600 diei

171 3665 241 3710 eum
265 3653 502 3722 convenerunt,
518 3647 562 3712 ibi
585 3649 627 3713 ad
650 3651 732 3715 altos
756 3651 895 3733 denique
918 3650 1034 3716 montis

171 3764 340 3824 contrusae
362 3761 464 3827 nubes
489 3769 643 3845 coguntur·
666 3765 759 3846 vique
781 3771 987 3848 premuntur.

94 3893 145 3940 ras
170 3873 306 3938 forsitan
329 3874 522 3960 Aethiopum
545 3879 672 3961 penitus
695 3879 734 3942 de
756 3879 918 3942 montibus
940 3878 1014 3940 altis

176 4151 224 4197 708
244 4148 361 4212 Namque
386 4146 397 4217 Η
424 4153 473 4200 710
493 4149 584 4198 Utrum
602 4164 693 4213 genere
717 4149 813 4211 aliquid
839 4145 852 4215 Η
878 4147 1027 4196 0000101001.
1054 4144 1066 4212 11
1093 4149 1141 4194 710
1166 4147 1255 4196 etesire
1281 4146 1294 4215 11

176 4239 224 4284 719
244 4237 325 4286 flabro
346 4235 359 4306 11
382 4239 431 4286 723
450 4237 561 4286 Exorins
581 4236 594 4302 Η
617 4240 665 4285 720
686 4238 724 4285 rui
746 4235 759 4304 ΙΙ
781 4240 829 4285 727
850 4235 947 4286 amnis.
968 4235 980 4300 Η
1003 4235 1052 4281 730
1072 4249 1122 4294 quo
