3140 5032
272 327 334 392 216
817 319 858 382 Vl
884 319 887 326 ’

273 491 396 556 semina
419 493 609 556 concurrunt
632 487 728 553 calidi
750 487 886 572 fulgoris
909 488 952 554 ad
974 489 1092 554 ictum.

274 604 439 686 sicigitur
461 621 588 687 quoque
610 621 661 668 res
684 602 817 670 accendi
840 601 972 668 fulmine
996 601 1110 679 debet,

275 726 453 804 opportuna
474 717 533 782 luit
554 716 583 782 si
604 718 686 782 forte
709 722 740 782 et
761 717 879 784 idonea
900 717 1058 784 flammis.

276 853 335 898 nec
357 840 478 908 temere
499 833 627 898 omnino
650 831 748 914 plane
769 830 817 896 vis
839 830 958 915 frigida
980 832 1065 896 venti

200 969 260 1017 330,
274 969 345 1016 esse
367 954 493 1033 potest,
510 967 550 1013 ea
572 967 654 1031 quae
678 952 765 1012 tanta
788 946 820 1010 vi
841 946 942 1012 missa
965 954 1151 1032 supernest,

276 1064 373 1150 quin,
388 1063 477 1149 prins
499 1065 532 1129 in
555 1082 649 1128 cursu
672 1062 700 1128 si
722 1083 785 1128 non
808 1062 993 1128 accenditur
1015 1063 1103 1146 igni,

279 1184 311 1242 at
332 1178 496 1262 tepefacta
519 1185 628 1244 tamen
648 1177 757 1242 veniat
779 1178 950 1244 commixta
973 1178 1101 1243 calore.

314 1293 477 1359 Mobilitas
499 1301 605 1360 autem
626 1293 661 1358 fit
683 1293 823 1358 fulminis
846 1299 878 1358 33
900 1293 1009 1373 gravis
1031 1293 1131 1377 ictus,

278 1413 310 1472 et
331 1409 427 1475 celeri
450 1408 551 1475 ferme
572 1414 759 1494 percurrunt
781 1408 913 1473 fulmina
934 1409 1046 1492 lapsu,

203 1543 253 1591 333
277 1524 414 1590 nubibus
436 1525 509 1608 ipsa
531 1524 617 1609 quod
639 1525 767 1590 omnino
790 1524 878 1608 prius
900 1525 998 1590 incita
1020 1543 1056 1588 se
1078 1523 1126 1589 vis

279 1639 401 1721 colligit
423 1645 454 1703 et
475 1661 627 1724 magnum
650 1661 807 1707 conamen
828 1640 922 1705 sumit
944 1637 1060 1713 eundi,

279 1752 355 1818 inde
377 1754 431 1817 ubi
455 1774 520 1818 non
544 1757 645 1839 potuit
665 1756 767 1821 nubes
791 1775 908 1840 capere
929 1754 1045 1838 inpetis
1068 1759 1215 1840 auctum,

280 1868 466 1950 exprimitur
487 1870 535 1934 vis
558 1877 655 1954 atque
678 1872 750 1936 ideo
775 1871 863 1935 volat
885 1869 1002 1953 impete
1024 1869 1124 1953 miro,

280 1986 314 2044 ut
335 1983 450 2047 validis
474 2004 557 2066 quae
581 1985 621 2050 de
643 1985 809 2052 tormentis
831 1986 930 2051 missa
952 1984 1115 2048 feruntur.

204 2116 254 2163 330
279 2096 363 2162 adde
386 2099 513 2180 quode
537 2101 643 2183 parvis
666 2107 698 2166 33
719 2101 843 2167 levibus
866 2106 915 2165 est
938 2099 1123 2184 elementis,

280 2231 339 2279 nec
361 2212 489 2282 facilest
510 2217 566 2282 tali
589 2223 722 2284 naturae
746 2217 902 2301 opsistere
926 2216 1115 2298 quicquam:

279 2327 360 2392 inter
383 2332 466 2396 enim
489 2331 572 2418 fugit
594 2353 633 2398 ac
656 2338 802 2418 penetrat
823 2350 880 2415 per
902 2329 1141 2407 neronianum,

281 2463 344 2507 non
366 2445 463 2526 igitur
484 2447 591 2512 multis
614 2447 788 2514 offensibus
809 2447 843 2510 in
865 2443 1055 2510 remorando

280 2558 437 2636 haesitat,
453 2559 538 2628 hanc
560 2564 602 2628 ob
625 2583 691 2628 rem
715 2562 810 2628 celeri
832 2561 921 2626 volat
942 2561 1060 2642 impete
1082 2559 1214 2625 labens.

206 2693 256 2742 335
282 2674 368 2741 adde
391 2677 477 2759 quod
501 2680 630 2745 omnino
655 2683 767 2744 natura
788 2677 933 2762 pondera
955 2676 1105 2741 deorsum

281 2791 386 2854 omnia
408 2791 568 2878 nituntur,
586 2814 658 2860 oum
680 2793 806 2877 plagast
827 2789 939 2856 addita
961 2809 1059 2866 vero,

281 2906 440 2972 mobilitas
463 2907 643 2992 duplicatur
665 2913 696 2973 et
717 2879 854 2992 imbetns
875 2907 930 2970 ille
952 2905 1132 2990 gravescit,

280 3026 315 3086 nt
338 3023 513 3088 vementius
536 3029 567 3088 ct
590 3024 683 3090 citius
706 3043 790 3107 quae
814 3041 948 3104 cumque
971 3028 1135 3086 morantur

280 3135 376 3203 ebria
399 3135 547 3204 discutiat
569 3140 673 3224 plagis
696 3140 852 3221 itinerque
874 3142 1045 3220 sequatur.

205 3269 256 3318 340
280 3251 417 3334 deniqne
440 3254 526 3335 quod
548 3255 644 3339 longo
666 3255 754 3320 venit
775 3255 911 3337 impete,
929 3271 1053 3320 sumere
1076 3252 1171 3318 debet

282 3366 490 3432 mobilitatem
513 3369 608 3434 etiam
631 3375 727 3452 atque
750 3370 865 3446 etiam,
884 3387 968 3450 qnae
991 3368 1105 3432 crescit
1127 3368 1232 3432 eundo

283 3486 314 3544 et
335 3481 463 3547 validas
485 3488 582 3566 anget
603 3484 680 3549 viris
703 3488 734 3548 et
754 3485 886 3548 roborat
907 3483 1025 3548 ictum:

282 3614 355 3659 nam
377 3594 452 3660 facit
474 3604 508 3661 ut
531 3617 615 3679 quae
639 3599 701 3662 sint
723 3597 809 3662 illius
832 3597 955 3663 semina
977 3615 1112 3679 cumque

282 3731 300 3778 e
321 3710 455 3794 regione
477 3713 582 3777 locum
606 3713 698 3795 quasi
719 3712 753 3778 in
774 3733 871 3777 unum
895 3718 1008 3778 cuncta
1029 3709 1193 3790 ferantur,

207 3845 257 3895 345
282 3827 390 3893 omnia
411 3827 572 3894 coniciens
594 3828 628 3893 in
650 3847 721 3894 cunr
746 3827 907 3895 volventia
929 3848 1076 3895 cursum.

283 4012 484 4022 ——..

286 4134 337 4182 318
356 4133 477 4183 indoneat
504 4130 517 4199 l}
542 4135 593 4182 320
612 4114 729 4196 ‹ix'qnee
748 4141 836 4184 tantan
861 4132 873 4202 ll
900 4137 948 4184 321
969 4149 1055 4184 cursus
1077 4149 1130 4184 non
1155 4130 1167 4199 Η
1194 4134 1243 4180 322
1263 4134 1364 4182 colore.
1390 4129 1401 4200 ss

287 4221 337 4269 323
356 4219 484 4270 Nobilitas
505 4217 518 4288 ll
539 4222 590 4270 324
608 4221 645 4270 At
664 4219 676 4288 11
696 4231 802 4286 percunt
827 4221 840 4289 ll
861 4223 911 4274 335
930 4221 1030 4270 Deinde
1050 4217 1063 4288 {l
1084 4221 1204 4270 deornm.
1226 4218 1239 4286 Η
1260 4221 1310 4272 336
1329 4219 1404 4286 plage

286 4307 307 4358 si
328 4303 342 4382 Η
362 4309 414 4356 344
433 4308 563 4377 regionem
