3140 5036
691 383 718 446 V

143 551 274 618 exitium
299 553 395 618 celeri
418 553 539 618 celatur
561 554 685 634 origine
707 553 875 618 flammae.

109 693 113 701 ·
136 667 188 732 sic
209 667 306 748 igitur
328 667 428 732 solem
451 667 559 732 lunam
582 669 755 750 stellasque
777 669 984 752 putandumst

142 800 182 845 ex
205 780 269 844 alio
292 787 387 862 atque
410 781 474 846 alio
496 783 600 847 lucem
622 783 742 848 iactare
764 783 896 847 subortu

140 902 173 960 00
193 894 327 978 primum
351 895 501 977 quicquid
523 896 721 960 flammarum
745 897 880 981 perdere
903 917 1047 983 semper;

61 1030 115 1078 305
140 1007 445 1074 inviolabilia-haec
467 1031 507 1075 ne
530 1013 641 1076 credas
664 1011 745 1076 forte
768 1012 894 1095 vigere.

179 1125 327 1207 Denique
348 1147 413 1192 non
435 1125 561 1209 lapides
585 1145 712 1209 quoque
734 1127 818 1192 vinci
842 1127 945 1192 cernis
969 1127 1010 1191 ab
1033 1146 1134 1213 aevo,

140 1258 205 1304 non
229 1239 313 1305 altas
334 1243 428 1306 turris
450 1260 542 1306 ruere
565 1247 597 1305 et
617 1246 800 1324 putrescere
822 1259 924 1319 saxa,

139 1373 205 1417 non
227 1353 363 1419 delubra
385 1355 480 1420 deum
502 1353 738 1436 simulacraque
760 1354 849 1419 fessa
872 1353 996 1440 fatisci,

140 1487 200 1532 nec
221 1473 367 1533 sanctum
390 1490 506 1534 numen
529 1469 589 1533 fati
611 1469 783 1553 protollere
804 1469 876 1534 finis

59 1603 115 1648 310
141 1602 236 1666 posse
259 1602 363 1664 neque
386 1583 542 1648 adversus
564 1590 700 1648 naturae
723 1582 858 1648 foedera
880 1583 963 1647 niti?

140 1695 279 1777 denique
302 1716 366 1760 000
388 1698 582 1762 monimenta
603 1698 706 1762 virum
729 1697 857 1783 dilapsa
880 1697 1045 1782 videmus,

105 1887 112 1902 ι
139 1830 222 1891 quae
244 1810 312 1876 fore
334 1831 489 1895 proporro
512 1811 708 1894 vetitumque
731 1831 899 1877 senescere
922 1812 1054 1891 credas,

141 1945 205 1988 non
227 1944 318 1989 ruere
341 1925 470 1991 avolsos
492 1926 600 1990 silices
623 1947 642 1990 a
663 1927 824 1992 montibus
846 1927 921 1992 altis

139 2058 199 2104 000
220 2038 348 2104 validas
370 2039 440 2104 aevi
462 2040 547 2104 vires
568 2039 710 2123 perferre
732 2041 863 2122 patique

59 2175 113 2221 313
139 2152 248 2216 finiti?
265 2172 368 2234 neque
391 2154 474 2218 enim
498 2155 651 2219 caderent
673 2153 785 2218 avolsa
807 2161 959 2240 repente,

138 2287 180 2332 ex
200 2266 322 2332 infinito
347 2287 431 2349 qnae
453 2273 597 2353 tempore
619 2269 870 2352 pertolerassent

140 2381 247 2447 omnia
269 2387 426 2447 tormenta
448 2383 581 2467 aetatis,
598 2383 724 2466 privata
746 2383 894 2469 fragore.
932 2469 933 2472 Ἴ

176 2495 324 2578 Denique
345 2497 411 2560 iam
433 2502 522 2563 tuere
544 2497 624 2582 hoc,
641 2497 767 2562 circum
781 2518 941 2582 supraque
965 2497 1050 2581 quod
1073 2517 1201 2564 omnem

137 2610 276 2676 eontinet
299 2612 450 2696 amplexu
471 2618 608 2676 terram:
626 2613 653 2676 si
675 2618 825 2696 procreat
847 2633 887 2678 ex
910 2631 945 2702 se

59 2746 113 2794 320
140 2725 265 2809 omnia,
282 2725 368 2807 quod
391 2725 522 2808 quidam
544 2733 741 2811 memorant,
758 2727 933 2810 recipitque
955 2733 1138 2811 perempta,

136 2844 236 2902 totum
258 2839 399 2905 nativum
422 2841 549 2906 mortali
572 2847 710 2926 corpore
729 2849 872 2908 constat.
1082 2838 1086 2844 ’

136 2973 211 3018 narn
236 2955 319 3035 quod
344 2975 478 3037 cumque
501 2957 591 3040 alias,
607 2977 647 3022 ex
670 2977 706 3022 se
729 2977 780 3022 res
802 2963 898 3040 auget
920 2957 1061 3040 alitque,
1102 2969 1103 2973 ’

137 3067 278 3132 deminui
301 3067 415 3147 debet,
432 3069 589 3153 recreari,
606 3090 677 3134 cum
700 3071 811 3154 recipit
832 3091 903 3136 res.
1128 3057 1129 3060 ¹

177 3181 350 3248 Praeterea
372 3184 400 3248 si
421 3183 511 3247 nulla
533 3182 591 3247 fuit
612 3185 760 3266 genitalis
783 3185 872 3269 origo
946 3169 948 3172 ⁵

57 3319 110 3367 325
138 3303 294 3363 terrarum
318 3303 349 3362 00
371 3298 453 3364 caeli
476 3317 665 3382 semperque
688 3305 820 3364 aeterna
841 3298 950 3384 fuere,
1004 3322 1009 3330 ·

138 3407 195 3476 cur
216 3431 333 3495 supera
356 3413 473 3478 bellum
497 3413 687 3479 Thebanum
710 3421 741 3479 et
763 3415 875 3480 funera
897 3415 1015 3480 Troiae

140 3547 203 3592 non
226 3525 309 3592 alias
331 3527 387 3591 alii
410 3548 536 3611 quoque
558 3548 610 3594 res
633 3530 776 3595 cecinere
797 3532 941 3615 poetae?
975 3551 977 3556 ’

138 3663 200 3724 quo
223 3647 269 3708 tot
291 3641 378 3706 facta
400 3643 501 3706 virum
525 3643 641 3710 totiens
664 3644 809 3711 cecidere
831 3665 936 3729 neque
957 3667 1093 3730 usquam

137 3756 276 3823 aeternis
298 3756 406 3821 famae
428 3758 631 3824 monimentis
653 3760 750 3825 insita
771 3761 914 3826 florent?

60 3879 112 3943 330
137 3893 268 3950 verum,
284 3877 319 3934 ut
341 3871 473 3954 opinor,
490 3871 587 3936 habet
608 3873 778 3936 novitatem
802 3867 946 3962 summa,
963 3892 1138 3956 recensque

137 3990 285 4050 naturast
306 3983 417 4050 mundi
439 4003 545 4066 neque
567 3983 692 4068 pridem
716 3987 847 4052 exordia
869 3988 972 4070 oepit.

141 4178 190 4226 301
211 4175 335 4224 celeratur
359 4172 372 4243 ll
398 4177 453 4245 302ι
467 4176 623 4240 putandum.
649 4173 661 4244 ΙΙ
687 4179 737 4226 304
756 4177 879 4240 quidquid
904 4173 917 4243 ll
945 4179 994 4226 310
1014 4176 1145 4226 foedarant
1168 4173 1181 4244 ll
1210 4181 1259 4227 312

141 4262 269 4324 Quaerere
289 4257 301 4328 ΙΙ
321 4263 370 4312 sibi
389 4278 496 4328 cumque
517 4260 530 4331 Η
551 4266 601 4314 318
621 4279 711 4314 omne.
732 4260 745 4331 Η
766 4251 815 4314 320
835 4263 927 4314 funara
946 4259 960 4332 ΙΙ
981 4265 1029 4312 327
1050 4263 1084 4313 ali
1106 4260 1119 4332 ΙΙ
1140 4265 1188 4313 331
1209 4264 1260 4314 Na-

139 4357 197 4400 turs
215 4349 327 4399 mundist
