3140 5036
271 366 313 428 94
807 363 854 428 ΙΙΙ

270 529 345 592 inde
367 529 421 592 ubi
442 530 580 594 robustis
602 529 742 596 adolevit
764 521 891 595 viribus
905 537 1016 616 aetas,

197 663 249 710 450
273 642 439 706 consilium
463 662 589 723 quoque
612 644 713 707 maius
736 650 768 708 et
790 645 912 709 auctior
933 653 980 709 est
1002 645 1099 710 animi
1116 645 1184 710 vis:

270 762 344 839 post
365 755 419 818 ubi
440 756 504 819 iam
526 757 641 821 validis
664 765 850 839 quassatum
874 765 922 824 est
944 759 1064 824 viribus
1087 760 1160 824 aevi

273 890 387 953 corpus
412 877 443 934 et
465 871 585 934 obtusis
609 871 789 935 ceciderunt
810 872 930 936 viribus
953 879 1060 951 artus,

271 983 433 1048 claudicat
454 984 636 1067 ingenium,
654 985 770 1050 delirat
791 985 920 1068 lingua,
938 986 1029 1051 labat
1051 1006 1159 1064 mens,

272 1097 379 1161 omnia
402 1097 554 1162 deficiunt
575 1105 673 1180 atquc
697 1119 759 1163 uno
782 1105 924 1183 tempore
947 1099 1079 1165 desunt.

196 1229 247 1277 455
273 1230 349 1295 ergo
374 1211 506 1276 dissolui
529 1231 655 1294 quoque
678 1213 826 1277 convenit
848 1233 975 1279 omnem
997 1213 1115 1278 animai

271 1334 435 1404 naturam,
452 1346 509 1390 ceu
532 1325 657 1402 fumus,
674 1325 706 1390 in
729 1325 812 1390 altas
836 1327 919 1392 ae'ris
942 1348 1057 1406 auras;

272 1440 530 1522 quandoquidem
552 1440 640 1524 gigni
663 1440 781 1522 pariter
802 1440 984 1523 pariterque
1006 1440 1150 1506 videmus

274 1574 416 1619 crescere
439 1561 489 1630 et,
505 1561 540 1618 ut
562 1553 675 1637 docui,
692 1555 786 1619 simul
809 1575 888 1619 aevo
911 1554 998 1619 fessa
1020 1553 1145 1620 fatisci.

312 1670 381 1733 Huc
403 1668 526 1732 accedit
548 1668 592 1732 uti
615 1667 800 1751 videamus,
820 1688 935 1751 corpus
958 1674 992 1732 ut
1013 1669 1117 1752 ipsum

198 1804 249 1850 450
274 1783 437 1866 suscipere
459 1781 596 1846 inmanis
618 1783 745 1848 morbos
769 1782 945 1863 durumque
969 1783 1132 1867 dolorem,

275 1897 322 1962 sic
344 1898 485 1961 animum
507 1917 601 1961 curas
623 1897 705 1962 acris
724 1897 906 1977 luctumque
927 1903 1125 1978 metumque3

274 2031 374 2093 quare
396 2011 585 2094 participem
607 2011 662 2076 leti
686 2029 812 2092 quoque
836 2010 984 2076 convenit
1006 2031 1097 2090 esse.

276 2125 352 2207 quin
375 2126 469 2190 etiam
491 2125 610 2190 morbis
632 2126 665 2188 in
688 2125 831 2208 corporis
854 2124 945 2190 avius
968 2131 1053 2190 errat

276 2258 373 2324 saepe
396 2240 539 2305 animus:
556 2239 706 2304 dementit
729 2240 813 2304 enim
837 2239 1001 2320 deliraque
1023 2237 1131 2322 fatur,

199 2376 250 2423 405
275 2354 518 2436 interdumque
541 2354 633 2435 gravi
655 2354 800 2434 lethargo
824 2351 923 2416 femur
944 2353 978 2416 in
999 2342 1110 2416 altum
1142 2415 1145 2420 .

276 2474 503 2552 aeternumque
526 2488 673 2554 soporem
697 2467 797 2532 oculis
819 2471 962 2548 nutuque
984 2466 1128 2549 cadenti;

274 2582 359 2646 unde
377 2601 485 2674 'neque
508 2583 638 2646 exaudit
659 2601 754 2646 voces
777 2600 835 2646 nec
857 2600 990 2646 noscere
1012 2581 1116 2646 voltus
1153 2619 1157 2628 ·

274 2697 400 2762 illorum
421 2697 506 2780 potis
528 2703 594 2778 est,
611 2696 653 2760 ad
676 2696 773 2760 vitam
797 2696 849 2779 qui
869 2702 1058 2760 revocantes

276 2811 393 2883 circum
414 2817 498 2875 stant
519 2810 660 2874 lacrimis
682 2816 826 2874 rorantes
848 2831 906 2874 ora
929 2828 1114 2890 genasque.

200 2945 252 2991 440
279 2943 378 3006 quare
400 2924 539 2988 animum
562 2943 686 3004 quoque
709 2922 842 2987 dissolui
864 2922 987 2986 fateare
1009 2928 1192 2998 necessest,

277 3036 536 3119 quandoquidem
558 3043 727 3121 penetrant
748 3037 780 3100 in
804 3057 874 3100 eum
897 3036 1046 3117 contagia
1071 3035 1192 3100 morbi:

277 3172 351 3215 nam
373 3150 465 3217 dolor
486 3173 525 3216 ac
547 3153 677 3216 morbus
699 3152 752 3215 leti
775 3151 948 3216 fabricator
970 3155 1154 3231 uterquest;

277 3265 445 3330 multorum
468 3265 565 3330 exitio
588 3265 731 3349 perdocti
753 3263 838 3347 quod
862 3285 971 3330 sumus
993 3270 1086 3329 ante.

202 3399 252 3446 440
279 3380 417 3461 denique
440 3397 513 3454 cor,
531 3379 689 3444 bominem
714 3399 782 3442 oum
806 3379 870 3442 vini
893 3379 941 3442 vis
963 3377 1141 3462 penetravit

277 3494 360 3558 acris
383 3494 469 3558 etin
490 3513 591 3558 venas
615 3492 763 3556 discessit
784 3491 901 3555 diditus
924 3491 1040 3574 ardor,

278 3601 482 3688 consequitur
503 3607 647 3690 gravitas
668 3605 901 3681 membrorum,
919 3603 1167 3687 praepediuntur

278 3741 369 3786 crura
390 3720 573 3802 vacillanti,
591 3719 743 3783 tardescit
765 3718 894 3800 lingua,
911 3715 1019 3780 madet
1040 3735 1150 3800 urens,

202 3854 253 3901 450
278 3842 356 3900 nant
379 3835 482 3919 oculi,
500 3835 619 3899 clamor
640 3831 797 3914 singultus
819 3831 923 3915 iurgia
944 3831 1101 3912 gliscunt,

279 4017 479 4025 Q

281 4136 331 4184 449
349 4133 459 4184 rubustis
484 4131 497 4203 Η
523 4136 574 4184 450
593 4143 682 4184 auctor
707 4132 720 4201 Η
745 4137 796 4184 453
815 4131 885 4182 labat
903 4133 1042 4184 omissum.
1068 4127 1082 4200 Η
1106 4133 1156 4180 456
1177 4131 1241 4180 acris
1266 4128 1279 4197 Η
1303 4131 1354 4179 458
1373 4137 1401 4177 ut

283 4224 423 4272 omissum.
439 4219 452 4290 Η
468 4222 559 4271 laetis.
574 4219 587 4288 Η
601 4225 651 4271 462
662 4222 812 4285 particidem
827 4218 840 4289 Η
854 4223 905 4269 470
916 4220 995 4269 fatere
1010 4217 1023 4285 Η
1037 4221 1086 4268 479
1097 4218 1171 4280 polor
1184 4215 1198 4284 Η
1214 4218 1370 4266 474ε510.
1386 4216 1398 4284 Η

287 4311 337 4358 475
357 4309 389 4358 Et
406 4309 500 4372 puriter
518 4317 627 4357 mentem
645 4308 728 4356 sanari
748 4323 838 4370 corpus
855 4308 942 4356 inani.
963 4305 977 4376 Η
998 4307 1048 4353 479
1067 4303 1214 4353 vaciliaanti
