3140 5032
696 393 723 455 V

144 557 279 641 proinde
303 565 415 641 putare
438 560 576 644 aliquem
600 566 666 623 turn
690 562 821 624 nomina
843 560 1043 624 distribuisse

145 673 261 757 rebus,
278 679 311 738 et
331 675 405 738 inde
428 675 574 739 homines
598 673 747 742 didicisse
771 676 931 740 vocabula
953 675 1076 758 prima,

146 773 342 871 desiperest.
359 809 431 852 nam
456 809 510 854 eur
531 787 582 853 hic
604 797 713 871 posset
735 776 856 856 cuncta¹
871 796 984 853 notare

146 901 276 966 vocibus
298 909 329 968 et
350 905 458 970 varios
481 907 604 971 sonitus
627 907 767 970 emittere
790 905 942 988 linguae,

62 1036 128 1083 1045
147 1022 289 1098 tempore
312 1018 424 1082 eodem
447 1021 501 1084 alii
525 1020 632 1084 facere
654 1019 686 1083 id
710 1041 773 1084 non
796 1019 904 1100 quisse
926 1017 1105 1100 putentur?

145 1137 311 1216 praeterea
333 1132 360 1196 si
383 1153 447 1197 non
471 1135 528 1199 alii
551 1155 677 1216 quoquc
698 1133 829 1198 vocibus
852 1133 900 1196 usi

147 1246 229 1308 inter
252 1264 287 1310 se
310 1244 454 1330 fuerant,
470 1247 556 1312 unde
579 1249 676 1313 insita
698 1247 825 1313 notities
849 1252 897 1310 est

146 1359 289 1423 utilitatis
313 1366 344 1424 et
366 1361 451 1426 unde
474 1364 550 1427 data
572 1369 620 1428 est
643 1363 715 1426 huie
736 1361 839 1445 prima
861 1365 1023 1442 potestas,

148 1473 225 1554 quid
247 1475 364 1552 vellet,
381 1474 489 1541 facere
513 1483 548 1540 ut
569 1477 687 1541 seirent
709 1473 1075 1562 animoqueviderent?

61 1609 130 1656 1050
147 1607 261 1670 cogere
283 1589 357 1652 item
380 1591 480 1673 pluris
502 1611 583 1656 unus
604 1593 771 1673 victosque
795 1590 927 1653 domare

147 1721 210 1765 non
233 1709 379 1788 poterat,
397 1724 499 1768 rerum
525 1713 559 1769 ut
580 1707 763 1790 perdiscere
785 1704 916 1768 nomina
938 1702 1075 1766 vellent.
1134 1739 1160 1761 ·.
1273 1743 1277 1750 -

148 1817 353 1882 uectatione
377 1819 492 1883 docere
515 1821 582 1883 ulla
604 1819 805 1900 suadereque
828 1817 953 1890 surdis,

147 1930 223 2011 quid
247 1932 288 1994 sit
310 1952 390 2016 opus
412 1933 516 2016 facto,
534 1933 681 1998 facilest:
698 1953 801 2015 neque
825 1933 909 1999 enim
932 1937 1135 2016 paterentur.

145 2059 205 2107 nec
228 2046 350 2110 ratione
372 2047 437 2110 ulla
459 2048 520 2112 sibi
543 2047 662 2112 ferrent
683 2047 822 2130 amplius
845 2047 931 2110 auris

63 2178 130 2224 1055
147 2158 237 2222 vocis
260 2159 420 2225 inauditos
443 2162 564 2226 sonitus
589 2161 762 2226 obtundere
785 2159 922 2224 frustra.

145 2280 306 2356 postremo
329 2274 406 2354 quid
429 2276 462 2338 in
484 2276 544 2340 hac
567 2275 712 2339 mirabile
734 2279 933 2356 tantoperest
957 2293 1012 2347 re,

147 2387 174 2451 si
196 2406 298 2468 genus
321 2387 514 2465 humanum,
532 2389 583 2453 cui
604 2409 669 2454 vox
692 2396 723 2453 et
743 2389 854 2469 lingua
877 2387 1018 2470 vigeret,

146 2521 203 2584 pro
227 2503 317 2565 vario
341 2521 437 2567 sensu
459 2503 549 2567 varia
571 2521 622 2568 res
644 2523 722 2567 voce
746 2503 899 2568 notaret?

147 2633 217 2678 cum
240 2614 380 2698 pecudes
402 2623 530 2700 mutae,
549 2637 621 2681 cum
644 2616 782 2698 denique
805 2616 911 2680 saecla
933 2614 1073 2678 ferarum

63 2748 130 2795 1000
148 2730 311 2794 dissimilis
334 2731 460 2796 soleant
481 2750 576 2796 voces
598 2731 769 2811 variasque
793 2731 895 2812 ciere,

146 2863 217 2906 cum
239 2849 343 2909 metus
366 2851 420 2909 000
443 2844 535 2909 dolor
557 2851 605 2910 est
627 2852 658 2910 et
681 2865 750 2909 cum
773 2844 838 2907 iam
861 2841 980 2924 gaudia
1003 2841 1160 2921 gliscunt.

146 2957 263 3040 quippe
287 2959 403 3023 etenim
427 2959 500 3023 licet
520 2959 554 3022 id
576 2961 671 3024 rebus
696 2977 890 3039 cognoscere
913 2957 1053 3040 apertis.

126 3051 275 3135 'inritata
298 3092 413 3136 canum
436 3091 505 3136 cum
529 3073 662 3155 primum
685 3074 816 3135 inmane
840 3071 1015 3134 Molossum

144 3184 255 3249 mollia
278 3185 358 3250 ricta
381 3184 520 3249 fremunt
542 3185 639 3251 duros
662 3186 819 3249 nudantia
842 3185 976 3260 dentes,

62 3317 129 3364 1005
146 3298 244 3380 longe
265 3300 328 3362 alio
352 3299 459 3363 sonitu
482 3299 573 3364 rabie
595 3299 740 3364 restricta
762 3299 941 3381 minantur,

146 3419 269 3476 etcum
293 3413 358 3477 iam
380 3413 500 3477 latrant
523 3420 553 3475 et
575 3413 705 3477 vocibus
729 3412 838 3476 omnia
861 3411 1041 3496 complent:

144 3531 176 3590 00
199 3527 322 3592 catulos
345 3526 464 3592 blande
488 3547 558 3591 eum
580 3527 692 3611 lingua
714 3528 855 3592 lambere
876 3533 1052 3611 temptant,

145 3645 199 3702 aut
220 3641 274 3704 ubi
297 3660 353 3705 eos
376 3641 497 3706 iactant
518 3642 655 3727 pedibus
677 3663 848 3724 morsuque
871 3649 1015 3727 petentes

145 3754 308 3838 suspensis
330 3759 458 3820 teneros
480 3757 665 3821 minitantur
687 3757 835 3821 dentibus
858 3757 1012 3837 haustus,

62 3888 129 3935 roro
147 3869 242 3950 longe
265 3868 328 3933 alio
352 3873 446 3952 pacto
469 3869 712 3950 gannituvocis
734 3870 888 3947 adulant,
996 3853 999 3858 ¹

150 4077 216 4124 1048
236 4075 338 4124 Utilitas
359 4071 372 4142 ll
394 4075 459 4122 1049
479 4073 555 4122 sciret
575 4071 588 4141 ΙΙ
609 4074 720 4122 videret.
741 4070 755 4139 ΙΙ
782 4075 847 4120 1052
867 4074 970 4121 surdes.
992 4069 1004 4139 ll
1031 4075 1097 4122 1053
1117 4073 1193 4123 facile
1210 4075 1231 4123 si
1253 4070 1267 4140 ΙΙ

150 4163 217 4212 1055
236 4162 322 4210 sonitu
339 4159 490 4209 subtundere
517 4157 530 4224 Η
561 4160 627 4207 1058
650 4159 733 4206 varias
751 4173 790 4206 res
820 4156 833 4226 Η
865 4161 930 4207 1062
955 4159 981 4206 in
1010 4155 1024 4225 Η
1055 4161 1121 4208 1063
1138 4175 1233 4223 magna
1252 4159 1266 4228 Η

150 4249 218 4296 1064
236 4256 352 4311 premunt
373 4243 385 4313 Η
408 4247 474 4294 1065
494 4245 546 4293 alia
565 4243 578 4311 ΙΙ
599 4245 686 4294 stricta
705 4245 830 4294 minatur.
851 4242 864 4313 ΙΙ
887 4247 951 4293 1067
966 4246 1002 4294 At
1022 4243 1036 4312 Η
1058 4247 1233 4296 10081actent
1253 4244 1266 4314 ΙΙ

149 4342 280 4400 potentes.
301 4330 315 4400 ΙΙ
337 4334 402 4382 1069
423 4331 554 4381 imitantur·
