3108 5034
283 411 322 477 18
835 409 849 474 Ι

275 597 335 643 nec
357 598 415 662 per
438 598 472 643 55
496 597 689 660 quemquam
712 585 838 662 tempus
860 581 977 644 sentire
999 580 1199 648 fatendumst

274 698 430 758 semotum
452 693 494 757 ab
519 712 625 758 rerum
648 699 735 759 motu
757 694 952 778 placidaque
976 696 1101 776 quiete.

125 899 128 904 1
274 806 413 890 denique
435 807 656 892 Tyndaridem
679 814 804 893 raptam
828 809 979 892 belloque
1003 811 1155 876 subactas

199 941 249 990 465
275 922 489 1002 Troiiugenas
511 922 616 1005 gentis
639 943 710 988 eum
734 923 843 988 dieunt
865 943 955 1007 esse,
981 924 1183 990 videndumst

275 1055 315 1101 ne
338 1035 420 1102 forte
442 1035 523 1102 haee
545 1055 603 1121 per
626 1057 661 1101 se
684 1045 801 1122 cogant
824 1059 883 1104 nos
907 1059 980 1104 esse
1003 1038 1117 1122 lateri,

273 1151 402 1232 quando
427 1170 466 1216 ea
489 1153 598 1217 saecla
622 1153 804 1230 hominum,
829 1174 962 1236 quorum
985 1153 1067 1219 haec
1090 1160 1204 1218 eventa
1226 1152 1375 1232 fuerunt,

272 1265 497 1331 inrevocabilis
520 1266 689 1332 abstulerit
710 1268 775 1332 iam
799 1269 970 1353 praeterita
993 1273 1106 1333 aetas:

270 1399 408 1462 namque
431 1379 511 1444 aliut
533 1400 589 1463 per
611 1387 696 1464 sest,
720 1383 801 1446 aliut
824 1382 1009 1463 regionibus
1032 1381 1111 1466 ipsis

196 1515 247 1560 cro
273 1500 421 1560 eventum
445 1494 507 1559 diei
528 1496 645 1578 poterit
667 1495 753 1577 quod
776 1517 911 1578 eumque
935 1497 995 1562 erit
1018 1502 1143 1560 actum.

272 1609 410 1692 denique
433 1608 584 1674 materies
608 1611 635 1674 si
658 1629 761 1676 rerum
784 1611 873 1675 nulla
896 1610 1029 1684 fuisset,

272 1743 330 1788 nec
352 1724 442 1788 locus
465 1744 503 1788 ac
525 1725 684 1808 spatium,
708 1744 760 1791 res
783 1726 814 1790 in
838 1747 900 1807 quo
923 1743 1069 1806 quaeque
1092 1729 1265 1807 geruntur,

179 1885 184 1895 .
270 1857 444 1919 numquam
467 1839 807 1922 Tyndaridis-formae
825 1839 986 1904 conflatus
1010 1859 1120 1902 amore

270 1951 374 2036 ignis,
398 1953 575 2017 Alexandri
597 1953 738 2037 Phrygio
762 1954 821 2017 sub
843 1959 973 2037 pectore
996 1951 1156 2034 gliscens,

193 2086 243 2132 475
270 2066 359 2130 clara
382 2067 584 2134 accendisset
606 2067 693 2133 saevi
718 2068 893 2133 certamina
912 2066 1010 2136 belli.

269 2200 329 2246 neo
352 2181 435 2246 olam
459 2182 611 2248 durateus
630 2182 791 2266 Troiianis
813 2185 971 2267 Pergama
994 2188 1089 2266 partu

268 2294 500 2362 inflammasset
523 2317 622 2378 equos
645 2304 798 2362 nocturno
823 2297 1112 2381 Graiiugenarum

268 2410 452 2494 perspicere
475 2418 509 2474 ut
531 2411 636 2496 possis
658 2430 710 2476 res
732 2417 842 2495 gestas
865 2409 1007 2475 funditus
1030 2409 1132 2476 omnis

266 2524 399 2588 nonita
422 2526 466 2590 uti
489 2547 604 2611 corpus
629 2548 686 2611 per
709 2545 744 2592 se
768 2532 915 2591 constare
938 2545 1042 2606 neque
1066 2543 1160 2598 esse,

191 2657 241 2704 480
268 2659 326 2704 nec
348 2639 471 2704 ratione
495 2640 601 2706 eluere
624 2641 740 2708 eadem
762 2661 827 2722 qua
850 2645 973 2705 constet
994 2639 1110 2721 inane,

268 2754 326 2818 sed
349 2753 453 2836 magis
475 2761 509 2817 ut
531 2757 642 2819 merito
665 2757 771 2839 pessis
795 2760 910 2817 eventa
931 2771 1048 2816 vocare

267 2867 429 2951 corporis,
453 2875 549 2947 atque
572 2867 654 2942 loci,
678 2887 729 2930 res
752 2867 786 2929 in
809 2886 872 2947 quo
896 2883 1044 2945 quaeque
1067 2867 1237 2943 geruntur.

307 2981 449 3064 Corpora
472 2988 545 3045 sunt
566 3001 661 3064 porro
683 2980 800 3064 partim
823 2978 999 3063 primordia
1022 2997 1146 3059 rerum,

266 3095 381 3179 partim
405 3094 537 3159 coneilio
561 3114 645 3176 quae
668 3101 815 3161 constant
837 3093 1084 3178 principiorum.

190 3231 240 3277 455
266 3209 324 3276 sed
347 3229 431 3290 quae
455 3217 527 3275 sunt
549 3229 654 3275 rerum
676 3211 873 3294 primordia,
897 3208 987 3273 nulla
1009 3213 1114 3292 potest
1134 3205 1182 3272 ris

267 3326 449 3407 stinguere:
474 3345 547 3388 nam
570 3324 674 3390 solido
698 3325 828 3390 vincunt
851 3344 889 3389 ea
913 3341 1048 3406 corpore·
1068 3321 1215 3386 demum.

267 3439 326 3504 etsi
349 3439 479 3503 difficile
502 3457 574 3504 5555
598 3439 723 3504 videtur
746 3438 875 3504 eredere
898 3437 1068 3518 quicquam

100 3559 115 3590 ⁶
264 3556 296 3618 in
318 3555 415 3619 rebus
438 3552 540 3617 solido
563 3553 693 3635 reperiri
716 3571 849 3635 corpore
872 3570 987 3634 posse.

264 3669 381 3734 transit
403 3668 486 3732 enim
509 3667 628 3731 fulmen
652 3667 795 3744 caelum,
819 3686 878 3749 per
900 3671 1013 3749 saepta
1036 3664 1201 3730 domorum

187 3805 238 3851 reo
266 3785 387 3848 elamor
409 3781 433 3845 it
456 3801 495 3845 ae
516 3800 633 3863 voces,
657 3779 775 3845 ferrum
799 3777 963 3844 candescit
983 3779 1017 3842 in
1039 3777 1126 3861 igni,

264 3898 488 3978 dissiliuntque
511 3895 580 3960 fero
604 3895 760 3959 ferventia
787 3913 868 3958 saxa
890 3911 1029 3974 vapore:

262 4019 327 4076 tum
349 4009 564 4077 labefactatus
587 4009 674 4094 rigor
696 4009 767 4074 auri
790 4008 921 4074 solvitur
941 4013 1052 4074 aestu:

262 4282 311 4328 497
333 4278 425 4328 suerit.
446 4275 459 4345 Η
485 4279 535 4326 469
555 4277 619 4326 aliut
637 4278 709 4326 terris
729 4274 742 4344 Η
763 4279 814 4326 473
835 4276 918 4324 forma
934 4271 948 4342 ΙΙ
969 4276 1020 4322 480
1040 4275 1107 4321 luere
1128 4269 1141 4338 ΙΙ
1162 4267 1214 4320 484
1233 4287 1283 4332 qua
1303 4269 1315 4338 l}
1336 4273 1386 4320 489

260 4367 352 4414 flumen
370 4367 434 4414 caeli
454 4363 468 4432 ΙΙ
489 4368 539 4414 490
559 4375 586 4414 ut
604 4366 636 4412 ed
657 4362 670 4432 il
690 4367 738 4412 491
761 4362 866 4412 ferventi
889 4359 901 4428 ΙΙ
921 4363 971 4409 492
992 4360 1057 4408 Cum
