3140 5036
693 385 751 448 IIII

86 577 136 623 res
162 562 317 622 nonturno
340 557 449 621 faeere
472 563 506 620 ut
528 557 653 642 possint
675 556 708 622 in
730 561 874 640 ternpore
896 555 1009 620 ludos.

162 692 204 738 an
226 671 328 756 magis
351 671 431 736 illud
455 672 513 736 erit
534 669 671 736 verum?
688 671 762 753 quia
784 677 927 755 ternpore
950 671 983 734 in
1006 690 1068 734 uno

86 809 135 854 ree
161 793 306 871 tempora
329 787 429 851 multa
450 787 572 871 latent,
590 786 670 850 ratio
694 805 776 869 quae
800 785 953 869 comperit
975 805 1067 861 esse,

160 908 330 986 propterea
351 901 386 965 fit
408 902 453 965 uti
476 901 589 982 quovis
612 902 809 984 intempore
833 919 980 982 quaeque

160 1022 269 1100 presto
292 1017 355 1081 sint
377 1017 549 1082 simulacra
571 1016 649 1080 loeis
672 1015 705 1079 in
728 1016 862 1097 quisque
886 1021 1017 1098 parata.

85 1150 135 1197 808
162 1136 194 1197 et
216 1131 290 1213 quia
312 1131 419 1196 tenvia
441 1135 533 1214 sunt,
550 1131 611 1195 nisi
631 1139 674 1195 se'
689 1130 868 1213 contendit,
885 1136 976 1194 aeute
1017 1185 1020 1196 .

162 1264 292 1310 cernere
314 1266 378 1309 non
400 1246 484 1329 potis
508 1251 556 1310 est
577 1244 723 1309 animus:
741 1243 874 1328 proinde
897 1245 1003 1308 omnia
1026 1263 1109 1326 quae
1132 1252 1205 1308 sunt

161 1364 330 1442 praeterea
352 1367 506 1444 pereunt,
523 1359 584 1424 nisi
607 1360 634 1424 si
658 1379 740 1441 quae
762 1359 804 1423 ad
828 1378 863 1424 se
885 1359 955 1442 ipse
977 1359 1123 1442 paravit.

85 1493 135 1539 805
161 1473 231 1556 ipse
254 1480 347 1556 parat
369 1494 440 1538 sese
463 1494 577 1557 porro,
593 1481 762 1558 speratque
786 1473 924 1537 futurum

161 1593 197 1652 ut
218 1586 325 1651 videat
348 1588 431 1668 quod
456 1588 658 1669 consequitur
680 1608 745 1653 rem
770 1608 929 1669 quamque
943 1612 949 1650 :
965 1587 1000 1651 tit
1022 1607 1117 1670 ergo.

160 1722 266 1766 nonne
288 1701 379 1767 vides
402 1703 512 1767 oeulos
535 1703 652 1786 etiam,
670 1674 739 1767 oum
763 1702 870 1768 tenvia
893 1722 976 1783 qnae
999 1710 1072 1766 sunt

86 1837 135 1884 809
164 1837 292 1882 eernere
316 1824 507 1901 coeperunt,
524 1817 717 1884 contendere
740 1839 774 1883 se
796 1823 892 1899 atque
914 1836 1049 1900 parare,

161 1951 220 1997 neo
242 1932 310 1998 sine
333 1952 371 1997 eo
395 1933 462 1997 fieri
485 1953 581 2016 posse
605 1938 638 1996 ut
661 1953 830 1998 eei-namus
853 1933 971 1996 acute?

162 2051 320 2112 ettamen
343 2047 375 2111 in
397 2048 492 2114 rebus
516 2067 641 2130 quoque
664 2050 782 2132 apertis
806 2067 936 2113 nosoere
959 2047 1085 2130 possis,

160 2161 187 2224 si
209 2181 273 2226 non
296 2161 448 2227 advertas
471 2161 631 2237 animum,
648 2161 781 2246 proinde
803 2181 875 2226 esse
899 2162 991 2242 quasi
1014 2161 1100 2226 omni

159 2279 301 2359 ternpore
324 2282 478 2341 semotum
501 2275 597 2340 fuerit
618 2277 777 2360 longeque
799 2280 973 2340 remotum.

160 2407 214 2452 our
236 2387 333 2470 igitur
355 2391 516 2474 mirumst,
534 2391 658 2454 animus
680 2390 707 2456 si
730 2389 834 2456 cetera
856 2389 961 2474 perdit
1077 2457 1080 2463 Δ

85 2519 135 2568 815
161 2508 287 2584 praeter
310 2523 407 2585 quarn
430 2505 543 2586 quibus
566 2511 615 2570 est
637 2505 669 2568 in
692 2507 788 2571 rebus
811 2504 936 2570 deditus
959 2505 1055 2588 ipse?
1143 2525 1147 2530 ·

160 2615 277 2682 deinde
300 2616 512 2701 adopinamur
536 2618 576 2684 de
599 2619 700 2701 signis
724 2619 863 2684 maxima
885 2620 1013 2702 parvis,

161 2749 199 2794 ao
222 2751 281 2796 nos
301 2731 333 2794 in
356 2730 505 2796 fraudem
526 2732 688 2799 induimus
710 2733 924 2799 frustraminis
947 2733 1008 2817 ipsi
1021 2732 1047 2819 .]

199 2844 250 2908 Fit
272 2865 399 2927 quoque
422 2851 457 2910 ut
478 2847 559 2912 inter
582 2851 656 2914 dum
680 2869 744 2913 non
766 2847 987 2933 suppeditetur
1008 2847 1115 2930 imago

160 2957 302 3022 eiusdem
324 2960 471 3040 generis,
488 2961 547 3026 sed
569 2963 689 3028 femina
711 2985 796 3046 quae
819 2963 877 3026 suit
900 2970 995 3044 ante,

82 3090 134 3136 880
160 3069 194 3134 10
216 3072 362 3138 manibus
385 3074 432 3138 vir
454 3076 500 3140 uti
522 3077 625 3141 faetus
647 3077 793 3142 videatur
815 3077 952 3152 adesse,
998 3093 1003 3106 ·

158 3191 213 3249 aut
235 3185 301 3250 alia
324 3206 364 3250 ex
386 3187 451 3251 alia
473 3188 573 3255 taeies
596 3196 748 3271 aetasque
771 3195 941 3271 sequatur.

82 3317 133 3364 826
161 3299 247 3380 quod
270 3319 310 3365 ne
333 3301 482 3366 miremur
505 3321 602 3385 sopor
624 3309 720 3385 atque
743 3303 864 3368 oblivia
887 3309 1015 3367 ourant.

82 3429 133 3477 888
204 3411 303 3498 [Illud
324 3413 357 3478 in
381 3415 429 3480 his
452 3415 563 3480 vitium
586 3422 749 3481 vementer
771 3417 858 3483 rebu'
881 3422 1041 3483 necessest

160 3525 319 3607 effugere,
337 3523 474 3593 errorem
496 3531 660 3613 vitareque
681 3537 959 3614 praemetuenter‚

157 3638 277 3704 lomina
302 3660 342 3706 ne
365 3642 465 3708 sanias
488 3647 652 3710 oeulornm
675 3647 762 3739 oiara
785 3653 912 3728 ereata,

83 3769 133 3817 sos
158 3754 344 3837 prospioere
366 3761 401 3819 ut
421 3777 608 3843 possemus,
624 3766 655 3826 et
677 3765 710 3824 ut
732 3760 877 3845 proferre
901 3780 1053 3842 queamus
1115 3751 1119 3758 ’

157 3949 358 3959 -----.-.

162 4085 212 4132 798
230 4085 270 4133 sin
290 4081 303 4151 Η
323 4085 394 4134 looos
414 4083 427 4152 Η
449 4088 821 4136 799-801τ-774771712.
842 4085 854 4155 Η
875 4090 925 4136 802
938 4087 988 4134 nisi
1001 4103 1049 4149 que
1069 4085 1082 4156 Η
1103 4092 1154 4139 804
1167 4091 1187 4139 si
1201 4092 1278 4142 omio-

160 4186 234 4220 oum.
255 4169 268 4238 Η
288 4187 321 4221 ex
341 4169 353 4239 Η
374 4174 424 4222 805
438 4172 565 4220 futuram.
587 4169 600 4239 Η
621 4175 785 4222 808--804.
806 4173 819 4239 Η
840 4177 888 4223 811
903 4189 995 4222 nocere
1015 4171 1028 4242 Η
1049 4178 1099 4225 815
1115 4178 1249 4229 Praeterea
1264 4178 1276 4244 Η

162 4259 212 4306 818
231 4273 278 4307 nos
304 4256 318 4325 Η
343 4261 394 4308 820
413 4259 500 4308 virtuti
526 4256 540 4328 Η
565 4262 614 4308 822
633 4259 673 4308 his
692 4259 765 4308 rebus
783 4260 874 4310 vitium
891 4259 1049 4310 vehementer·
1066 4263 1163 4314 inesse.
1188 4263 1201 4332 Η
1227 4268 1277 4314 823

162 4344 292 4406 ultureque
312 4342 326 4414 Η
347 4348 396 4396 825
416 4347 540 4411 possimus
560 4343 573 4414 Η
594 4346 652 4395 via.
