<?xml version="1.0" encoding="UTF-8"?>
<!DOCTYPE html PUBLIC "-//W3C//DTD XHTML 1.0 Transitional//EN"
    "http://www.w3.org/TR/xhtml1/DTD/xhtml1-transitional.dtd">
<html xmlns="http://www.w3.org/1999/xhtml" xml:lang="en" lang="en">
 <head>
  <title>
</title>
<meta http-equiv="Content-Type" content="text/html;charset=utf-8" />
  <meta name='ocr-system' content='tesseract 3.04.00' />
  <meta name='ocr-capabilities' content='ocr_page ocr_carea ocr_par ocr_line ocrx_word'/>
</head>
<body>
  <div class='ocr_page' id='page_1' title='image "./tlucreticarider25carugoog_0129.png"; bbox 0 0 3140 5036; ppageno 0'>
   <div class='ocr_carea' id='block_1_1' title="bbox 301 410 887 474">
    <p class='ocr_par' dir='ltr' id='par_1_1' title="bbox 301 410 887 474">
     <span class='ocr_line' id='line_1_1' title="bbox 301 410 887 474; baseline -0.003 0"><span class='ocrx_word' id='word_1_1' title='bbox 301 411 360 474; x_wconf 92' lang='grc'>122</span> <span class='ocrx_word' id='word_1_2' title='bbox 817 410 887 472; x_wconf 88' lang='grc' dir='ltr'>-ΠΠ</span> 
     </span>
    </p>
   </div>
   <div class='ocr_carea' id='block_1_2' title="bbox 211 581 1262 3988">
    <p class='ocr_par' dir='ltr' id='par_1_2' title="bbox 211 581 1262 3988">
     <span class='ocr_line' id='line_1_2' title="bbox 298 581 1149 665; baseline 0.001 -20"><span class='ocrx_word' id='word_1_3' title='bbox 298 581 528 665; x_wconf 82' lang='lat' dir='ltr'>multiplexque</span> <span class='ocrx_word' id='word_1_4' title='bbox 552 582 611 646; x_wconf 88' lang='lat' dir='ltr'>lcei</span> <span class='ocrx_word' id='word_1_5' title='bbox 636 581 773 665; x_wconf 89' lang='lat' dir='ltr'>spatium</span> <span class='ocrx_word' id='word_1_6' title='bbox 796 589 1012 645; x_wconf 72' lang='lat' dir='ltr'>transcurrere</span> <span class='ocrx_word' id='word_1_7' title='bbox 1036 582 1149 647; x_wconf 88' lang='lat' dir='ltr'>eodem</span> 
     </span>
     <span class='ocr_line' id='line_1_3' title="bbox 297 695 1201 780; baseline -0.001 -20"><span class='ocrx_word' id='word_1_8' title='bbox 297 704 439 780; x_wconf 87' lang='lat' dir='ltr'>tempore</span> <span class='ocrx_word' id='word_1_9' title='bbox 464 716 524 777; x_wconf 90' lang='lat' dir='ltr'>quo</span> <span class='ocrx_word' id='word_1_10' title='bbox 549 695 626 760; x_wconf 87' lang='lat' dir='ltr'>solis</span> <span class='ocrx_word' id='word_1_11' title='bbox 649 697 838 780; x_wconf 82' lang='lat' dir='ltr'>pervolgant</span> <span class='ocrx_word' id='word_1_12' title='bbox 860 695 980 759; x_wconf 87' lang='lat' dir='ltr'>lumina</span> <span class='ocrx_word' id='word_1_13' title='bbox 1003 697 1155 762; x_wconf 83' lang='lat' dir='ltr'>caelum?</span> <span class='ocrx_word' id='word_1_14' title='bbox 1199 775 1201 780; x_wconf 23' lang='grc' dir='ltr'>Ι</span> 
     </span>
     <span class='ocr_line' id='line_1_4' title="bbox 297 810 1245 896; baseline 0.002 -22"><span class='ocrx_word' id='word_1_15' title='bbox 297 811 360 876; x_wconf 89' lang='lat' dir='ltr'>hoc</span> <span class='ocrx_word' id='word_1_16' title='bbox 383 811 479 876; x_wconf 87' lang='lat' dir='ltr'>etiam</span> <span class='ocrx_word' id='word_1_17' title='bbox 501 811 534 873; x_wconf 92' lang='lat' dir='ltr'>in</span> <span class='ocrx_word' id='word_1_18' title='bbox 557 810 669 894; x_wconf 88' lang='lat' dir='ltr'>primis</span> <span class='ocrx_word' id='word_1_19' title='bbox 692 811 854 893; x_wconf 80' lang='lat' dir='ltr'>specimen</span> <span class='ocrx_word' id='word_1_20' title='bbox 875 830 985 874; x_wconf 87' lang='lat' dir='ltr'>rerum</span> <span class='ocrx_word' id='word_1_21' title='bbox 1008 829 1079 875; x_wconf 89' lang='lat' dir='ltr'>esse</span> <span class='ocrx_word' id='word_1_22' title='bbox 1100 812 1245 896; x_wconf 85' lang='lat' dir='ltr'>ridetur,</span> 
     </span>
     <span class='ocr_line' id='line_1_5' title="bbox 224 923 1132 1007; baseline -0.007 -15"><span class='ocrx_word' id='word_1_23' title='bbox 224 947 275 992; x_wconf 90' lang='grc' dir='ltr'>2ιο</span> <span class='ocrx_word' id='word_1_24' title='bbox 302 947 398 1007; x_wconf 88' lang='lat' dir='ltr'>quarn</span> <span class='ocrx_word' id='word_1_25' title='bbox 422 925 518 989; x_wconf 90' lang='lat' dir='ltr'>celeri</span> <span class='ocrx_word' id='word_1_26' title='bbox 540 931 627 989; x_wconf 91' lang='lat' dir='ltr'>motu</span> <span class='ocrx_word' id='word_1_27' title='bbox 650 944 754 988; x_wconf 91' lang='lat' dir='ltr'>rerum</span> <span class='ocrx_word' id='word_1_28' title='bbox 777 923 946 989; x_wconf 86' lang='lat' dir='ltr'>simulacra</span> <span class='ocrx_word' id='word_1_29' title='bbox 969 924 1132 1002; x_wconf 86' lang='lat' dir='ltr'>ferantur,</span> 
     </span>
     <span class='ocr_line' id='line_1_6' title="bbox 298 1039 1174 1122; baseline 0.001 -20"><span class='ocrx_word' id='word_1_30' title='bbox 298 1040 385 1120; x_wconf 90' lang='lat' dir='ltr'>quod</span> <span class='ocrx_word' id='word_1_31' title='bbox 408 1039 501 1103; x_wconf 92' lang='lat' dir='ltr'>simul</span> <span class='ocrx_word' id='word_1_32' title='bbox 524 1059 561 1103; x_wconf 88' lang='grc'>00</span> <span class='ocrx_word' id='word_1_33' title='bbox 581 1039 717 1122; x_wconf 92' lang='lat' dir='ltr'>primum</span> <span class='ocrx_word' id='word_1_34' title='bbox 740 1039 798 1102; x_wconf 91' lang='lat' dir='ltr'>sub</span> <span class='ocrx_word' id='word_1_35' title='bbox 824 1039 878 1102; x_wconf 75' lang='lat' dir='ltr'>(liu</span> <span class='ocrx_word' id='word_1_36' title='bbox 901 1039 1054 1121; x_wconf 83' lang='lat' dir='ltr'>splendor</span> <span class='ocrx_word' id='word_1_37' title='bbox 1076 1040 1174 1122; x_wconf 85' lang='lat' dir='ltr'>aquai</span> 
     </span>
     <span class='ocr_line' id='line_1_7' title="bbox 298 1152 1045 1237; baseline -0.003 -18"><span class='ocrx_word' id='word_1_38' title='bbox 298 1153 445 1237; x_wconf 86' lang='lat' dir='ltr'>ponitur,</span> <span class='ocrx_word' id='word_1_39' title='bbox 462 1153 623 1237; x_wconf 86' lang='lat' dir='ltr'>extemplo</span> <span class='ocrx_word' id='word_1_40' title='bbox 647 1152 738 1217; x_wconf 90' lang='grc'>00010</span> <span class='ocrx_word' id='word_1_41' title='bbox 761 1153 906 1218; x_wconf 82' lang='lat' dir='ltr'>stellante</span> <span class='ocrx_word' id='word_1_42' title='bbox 929 1173 1045 1218; x_wconf 87' lang='lat' dir='ltr'>serena</span> 
     </span>
     <span class='ocr_line' id='line_1_8' title="bbox 299 1266 1129 1350; baseline -0.002 -18"><span class='ocrx_word' id='word_1_43' title='bbox 299 1266 406 1332; x_wconf 87' lang='lat' dir='ltr'>sidera</span> <span class='ocrx_word' id='word_1_44' title='bbox 428 1267 622 1350; x_wconf 86' lang='lat' dir='ltr'>respondent</span> <span class='ocrx_word' id='word_1_45' title='bbox 644 1267 677 1330; x_wconf 94' lang='lat' dir='ltr'>in</span> <span class='ocrx_word' id='word_1_46' title='bbox 700 1286 788 1348; x_wconf 84' lang='lat' dir='ltr'>aqua</span> <span class='ocrx_word' id='word_1_47' title='bbox 810 1267 969 1332; x_wconf 84' lang='lat' dir='ltr'>radiantia</span> <span class='ocrx_word' id='word_1_48' title='bbox 989 1267 1129 1332; x_wconf 90' lang='lat' dir='ltr'>mundo.</span> 
     </span>
     <span class='ocr_line' id='line_1_9' title="bbox 298 1381 1185 1465; baseline 0.001 -22"><span class='ocrx_word' id='word_1_49' title='bbox 298 1381 405 1446; x_wconf 92' lang='lat' dir='ltr'>iamne</span> <span class='ocrx_word' id='word_1_50' title='bbox 428 1381 518 1446; x_wconf 84' lang='lat' dir='ltr'>vides</span> <span class='ocrx_word' id='word_1_51' title='bbox 541 1381 636 1465; x_wconf 85' lang='lat' dir='ltr'>igitur</span> <span class='ocrx_word' id='word_1_52' title='bbox 657 1402 752 1463; x_wconf 89' lang='lat' dir='ltr'>quam</span> <span class='ocrx_word' id='word_1_53' title='bbox 774 1387 891 1464; x_wconf 89' lang='lat' dir='ltr'>puncto</span> <span class='ocrx_word' id='word_1_54' title='bbox 915 1388 1057 1465; x_wconf 89' lang='lat' dir='ltr'>tempore</span> <span class='ocrx_word' id='word_1_55' title='bbox 1079 1382 1185 1464; x_wconf 84' lang='lat' dir='ltr'>imago</span> 
     </span>
     <span class='ocr_line' id='line_1_10' title="bbox 224 1475 1121 1566; baseline 0.004 -5"><span class='ocrx_word' id='word_1_56' title='bbox 224 1516 273 1562; x_wconf 79' lang='grc'>210</span> <span class='ocrx_word' id='word_1_57' title='bbox 301 1475 437 1560; x_wconf 76' lang='lat' dir='ltr'>aetheris</span> <span class='ocrx_word' id='word_1_58' title='bbox 459 1515 498 1560; x_wconf 84' lang='lat' dir='ltr'>ex</span> <span class='ocrx_word' id='word_1_59' title='bbox 521 1495 640 1560; x_wconf 90' lang='lat' dir='ltr'>crisin</span> <span class='ocrx_word' id='word_1_60' title='bbox 663 1503 817 1560; x_wconf 88' lang='lat' dir='ltr'>terrarum</span> <span class='ocrx_word' id='word_1_61' title='bbox 840 1495 965 1560; x_wconf 89' lang='lat' dir='ltr'>accidat</span> <span class='ocrx_word' id='word_1_62' title='bbox 987 1499 1088 1561; x_wconf 83' lang='lat' dir='ltr'>oras?</span> <span class='ocrx_word' id='word_1_63' title='bbox 1117 1559 1121 1566; x_wconf 89' lang='lat'><em>.</em></span> 
     </span>
     <span class='ocr_line' id='line_1_11' title="bbox 300 1608 1198 1690; baseline 0.002 -18"><span class='ocrx_word' id='word_1_64' title='bbox 300 1629 398 1690; x_wconf 87' lang='lat' dir='ltr'>quare</span> <span class='ocrx_word' id='word_1_65' title='bbox 422 1610 518 1674; x_wconf 89' lang='lat' dir='ltr'>etiam</span> <span class='ocrx_word' id='word_1_66' title='bbox 543 1615 639 1689; x_wconf 88' lang='lat' dir='ltr'>atque</span> <span class='ocrx_word' id='word_1_67' title='bbox 663 1609 757 1672; x_wconf 87' lang='lat' dir='ltr'>etiam</span> <span class='ocrx_word' id='word_1_68' title='bbox 781 1609 861 1672; x_wconf 87' lang='lat' dir='ltr'>mitti</span> <span class='ocrx_word' id='word_1_69' title='bbox 885 1608 1008 1674; x_wconf 85' lang='lat' dir='ltr'>fateare</span> <span class='ocrx_word' id='word_1_70' title='bbox 1031 1617 1198 1675; x_wconf 85' lang='lat' dir='ltr'>necessest</span> 
     </span>
     <span class='ocr_line' id='line_1_12' title="bbox 300 1723 1202 1807; baseline -0.001 -19"><span class='ocrx_word' id='word_1_71' title='bbox 300 1744 435 1807; x_wconf 88' lang='lat' dir='ltr'>corpora</span> <span class='ocrx_word' id='word_1_72' title='bbox 459 1743 540 1805; x_wconf 89' lang='lat' dir='ltr'>quae</span> <span class='ocrx_word' id='word_1_73' title='bbox 563 1723 679 1786; x_wconf 81' lang='lat' dir='ltr'>feriant</span> <span class='ocrx_word' id='word_1_74' title='bbox 701 1723 810 1789; x_wconf 91' lang='lat' dir='ltr'>oculos</span> <span class='ocrx_word' id='word_1_75' title='bbox 832 1725 999 1805; x_wconf 88' lang='lat' dir='ltr'>visumque</span> <span class='ocrx_word' id='word_1_76' title='bbox 1021 1725 1202 1790; x_wconf 80' lang='lat' dir='ltr'>lacessant:</span> 
     </span>
     <span class='ocr_line' id='line_1_13' title="bbox 300 1837 1094 1921; baseline 0.003 -20"><span class='ocrx_word' id='word_1_77' title='bbox 300 1845 514 1921; x_wconf 88' lang='lat' dir='ltr'>perpetuoque</span> <span class='ocrx_word' id='word_1_78' title='bbox 536 1837 636 1900; x_wconf 91' lang='lat' dir='ltr'>fluunt</span> <span class='ocrx_word' id='word_1_79' title='bbox 659 1837 753 1902; x_wconf 90' lang='lat' dir='ltr'>certis</span> <span class='ocrx_word' id='word_1_80' title='bbox 776 1838 817 1900; x_wconf 89' lang='lat' dir='ltr'>ab</span> <span class='ocrx_word' id='word_1_81' title='bbox 841 1838 934 1902; x_wconf 93' lang='lat' dir='ltr'>rebus</span> <span class='ocrx_word' id='word_1_82' title='bbox 958 1837 1094 1919; x_wconf 87' lang='lat' dir='ltr'>odores;</span> 
     </span>
     <span class='ocr_line' id='line_1_14' title="bbox 299 1951 1228 2035; baseline 0.002 -21"><span class='ocrx_word' id='word_1_83' title='bbox 299 1952 401 2033; x_wconf 83' lang='lat' dir='ltr'>frigus</span> <span class='ocrx_word' id='word_1_84' title='bbox 423 1957 456 2014; x_wconf 91' lang='grc'>01</span> <span class='ocrx_word' id='word_1_85' title='bbox 478 1973 498 2015; x_wconf 88' lang='grc'>0</span> <span class='ocrx_word' id='word_1_86' title='bbox 519 1951 642 2030; x_wconf 85' lang='grc'>1100110,</span> <span class='ocrx_word' id='word_1_87' title='bbox 659 1952 745 2016; x_wconf 87' lang='grc'>00101·</span> <span class='ocrx_word' id='word_1_88' title='bbox 767 1953 808 2015; x_wconf 88' lang='lat' dir='ltr'>ab</span> <span class='ocrx_word' id='word_1_89' title='bbox 830 1951 899 2017; x_wconf 89' lang='lat' dir='ltr'>sole</span> <span class='ocrx_word' id='word_1_90' title='bbox 914 2003 921 2035; x_wconf 86' lang='lat'>‚</span> <span class='ocrx_word' id='word_1_91' title='bbox 939 1959 1046 2016; x_wconf 88' lang='lat' dir='ltr'>aestus</span> <span class='ocrx_word' id='word_1_92' title='bbox 1069 1953 1110 2016; x_wconf 90' lang='lat' dir='ltr'>ab</span> <span class='ocrx_word' id='word_1_93' title='bbox 1133 1952 1228 2016; x_wconf 91' lang='lat' dir='ltr'>undis</span> 
     </span>
     <span class='ocr_line' id='line_1_15' title="bbox 224 2066 1093 2150; baseline -0.002 -18"><span class='ocrx_word' id='word_1_94' title='bbox 224 2086 274 2132; x_wconf 88' lang='grc'>220</span> <span class='ocrx_word' id='word_1_95' title='bbox 299 2067 467 2148; x_wconf 90' lang='lat' dir='ltr'>aequoris,</span> <span class='ocrx_word' id='word_1_96' title='bbox 486 2086 600 2131; x_wconf 86' lang='lat' dir='ltr'>exesor</span> <span class='ocrx_word' id='word_1_97' title='bbox 622 2086 821 2150; x_wconf 88' lang='lat' dir='ltr'>moerorum,</span> <span class='ocrx_word' id='word_1_98' title='bbox 837 2066 932 2131; x_wconf 86' lang='lat' dir='ltr'>litora</span> <span class='ocrx_word' id='word_1_99' title='bbox 955 2067 1093 2131; x_wconf 88' lang='lat' dir='ltr'>circum:</span> 
     </span>
     <span class='ocr_line' id='line_1_16' title="bbox 299 2181 1128 2264; baseline 0.001 -19"><span class='ocrx_word' id='word_1_100' title='bbox 299 2202 358 2245; x_wconf 92' lang='lat' dir='ltr'>nec</span> <span class='ocrx_word' id='word_1_101' title='bbox 381 2181 489 2246; x_wconf 86' lang='lat' dir='ltr'>variae</span> <span class='ocrx_word' id='word_1_102' title='bbox 513 2187 641 2246; x_wconf 89' lang='lat' dir='ltr'>cessant</span> <span class='ocrx_word' id='word_1_103' title='bbox 655 2201 750 2246; x_wconf 90' lang='lat' dir='ltr'>voces</span> <span class='ocrx_word' id='word_1_104' title='bbox 771 2181 908 2246; x_wconf 85' lang='lat' dir='ltr'>volitare</span> <span class='ocrx_word' id='word_1_105' title='bbox 932 2201 989 2264; x_wconf 88' lang='lat' dir='ltr'>per</span> <span class='ocrx_word' id='word_1_106' title='bbox 1011 2201 1128 2246; x_wconf 87' lang='lat' dir='ltr'>auras:</span> 
     </span>
     <span class='ocr_line' id='line_1_17' title="bbox 301 2295 1163 2381; baseline 0.005 -24"><span class='ocrx_word' id='word_1_107' title='bbox 301 2295 439 2376; x_wconf 90' lang='lat' dir='ltr'>denique</span> <span class='ocrx_word' id='word_1_108' title='bbox 461 2295 493 2358; x_wconf 91' lang='lat' dir='ltr'>in</span> <span class='ocrx_word' id='word_1_109' title='bbox 518 2317 554 2360; x_wconf 93' lang='lat' dir='ltr'>os</span> <span class='ocrx_word' id='word_1_110' title='bbox 577 2297 653 2360; x_wconf 87' lang='lat' dir='ltr'>salsi</span> <span class='ocrx_word' id='word_1_111' title='bbox 675 2296 761 2360; x_wconf 87' lang='lat' dir='ltr'>venit</span> <span class='ocrx_word' id='word_1_112' title='bbox 783 2317 875 2361; x_wconf 93' lang='lat' dir='ltr'>umor</span> <span class='ocrx_word' id='word_1_113' title='bbox 897 2315 995 2380; x_wconf 85' lang='lat' dir='ltr'>saepe</span> <span class='ocrx_word' id='word_1_114' title='bbox 1018 2298 1163 2381; x_wconf 87' lang='lat' dir='ltr'>saporis,</span> 
     </span>
     <span class='ocr_line' id='line_1_18' title="bbox 301 2411 1158 2494; baseline 0 -20"><span class='ocrx_word' id='word_1_115' title='bbox 301 2430 372 2474; x_wconf 91' lang='lat' dir='ltr'>cum</span> <span class='ocrx_word' id='word_1_116' title='bbox 395 2430 484 2475; x_wconf 89' lang='lat' dir='ltr'>mare</span> <span class='ocrx_word' id='word_1_117' title='bbox 506 2430 671 2475; x_wconf 88' lang='lat' dir='ltr'>versamur</span> <span class='ocrx_word' id='word_1_118' title='bbox 693 2418 841 2494; x_wconf 81' lang='lat' dir='ltr'>propter,</span> <span class='ocrx_word' id='word_1_119' title='bbox 859 2411 1023 2492; x_wconf 88' lang='lat' dir='ltr'>dilutaque</span> <span class='ocrx_word' id='word_1_120' title='bbox 1046 2417 1158 2476; x_wconf 89' lang='lat' dir='ltr'>contra</span> 
     </span>
     <span class='ocr_line' id='line_1_19' title="bbox 301 2524 1149 2608; baseline 0.002 -21"><span class='ocrx_word' id='word_1_121' title='bbox 301 2545 371 2588; x_wconf 91' lang='lat' dir='ltr'>eum</span> <span class='ocrx_word' id='word_1_122' title='bbox 394 2524 510 2588; x_wconf 88' lang='lat' dir='ltr'>tuimur</span> <span class='ocrx_word' id='word_1_123' title='bbox 532 2525 656 2590; x_wconf 90' lang='lat' dir='ltr'>misceri</span> <span class='ocrx_word' id='word_1_124' title='bbox 680 2525 860 2604; x_wconf 87' lang='lat' dir='ltr'>absinthia,</span> <span class='ocrx_word' id='word_1_125' title='bbox 876 2525 980 2608; x_wconf 82' lang='lat' dir='ltr'>tangit</span> <span class='ocrx_word' id='word_1_126' title='bbox 1001 2546 1149 2590; x_wconf 86' lang='lat' dir='ltr'>amaror.</span> 
     </span>
     <span class='ocr_line' id='line_1_20' title="bbox 228 2640 1262 2722; baseline -0.004 -16"><span class='ocrx_word' id='word_1_127' title='bbox 228 2661 277 2706; x_wconf 79' lang='grc'>220</span> <span class='ocrx_word' id='word_1_128' title='bbox 303 2659 402 2721; x_wconf 90' lang='lat' dir='ltr'>usque</span> <span class='ocrx_word' id='word_1_129' title='bbox 425 2640 507 2705; x_wconf 89' lang='lat' dir='ltr'>adeo</span> <span class='ocrx_word' id='word_1_130' title='bbox 532 2640 678 2705; x_wconf 91' lang='lat' dir='ltr'>omnibus</span> <span class='ocrx_word' id='word_1_131' title='bbox 701 2641 741 2704; x_wconf 89' lang='lat' dir='ltr'>ab</span> <span class='ocrx_word' id='word_1_132' title='bbox 763 2642 859 2706; x_wconf 89' lang='lat' dir='ltr'>rebus</span> <span class='ocrx_word' id='word_1_133' title='bbox 881 2660 932 2706; x_wconf 89' lang='lat' dir='ltr'>res</span> <span class='ocrx_word' id='word_1_134' title='bbox 956 2659 1105 2722; x_wconf 89' lang='lat' dir='ltr'>quaeque</span> <span class='ocrx_word' id='word_1_135' title='bbox 1127 2641 1262 2706; x_wconf 85' lang='lat' dir='ltr'>fluenter</span> 
     </span>
     <span class='ocr_line' id='line_1_21' title="bbox 300 2754 1152 2838; baseline 0.001 -21"><span class='ocrx_word' id='word_1_136' title='bbox 300 2754 399 2820; x_wconf 89' lang='lat' dir='ltr'>fertur</span> <span class='ocrx_word' id='word_1_137' title='bbox 421 2762 452 2821; x_wconf 91' lang='grc'>01</span> <span class='ocrx_word' id='word_1_138' title='bbox 474 2756 507 2819; x_wconf 91' lang='grc'>10</span> <span class='ocrx_word' id='word_1_139' title='bbox 530 2763 661 2821; x_wconf 90' lang='lat' dir='ltr'>cunetas</span> <span class='ocrx_word' id='word_1_140' title='bbox 684 2755 849 2820; x_wconf 88' lang='lat' dir='ltr'>dimittitur</span> <span class='ocrx_word' id='word_1_141' title='bbox 871 2757 1011 2836; x_wconf 86' lang='lat' dir='ltr'>undique</span> <span class='ocrx_word' id='word_1_142' title='bbox 1034 2756 1152 2838; x_wconf 87' lang='lat' dir='ltr'>partis,</span> 
     </span>
     <span class='ocr_line' id='line_1_22' title="bbox 302 2869 1176 2950; baseline 0 -16"><span class='ocrx_word' id='word_1_143' title='bbox 302 2891 361 2936; x_wconf 92' lang='grc'>000</span> <span class='ocrx_word' id='word_1_144' title='bbox 384 2893 473 2937; x_wconf 90' lang='lat' dir='ltr'>mora</span> <span class='ocrx_word' id='word_1_145' title='bbox 496 2891 554 2935; x_wconf 91' lang='grc'>000</span> <span class='ocrx_word' id='word_1_146' title='bbox 577 2870 703 2950; x_wconf 88' lang='lat' dir='ltr'>requies</span> <span class='ocrx_word' id='word_1_147' title='bbox 726 2870 807 2932; x_wconf 91' lang='lat' dir='ltr'>inter</span> <span class='ocrx_word' id='word_1_148' title='bbox 831 2869 924 2934; x_wconf 87' lang='lat' dir='ltr'>datur</span> <span class='ocrx_word' id='word_1_149' title='bbox 947 2870 1012 2932; x_wconf 91' lang='lat' dir='ltr'>ulla</span> <span class='ocrx_word' id='word_1_150' title='bbox 1034 2869 1176 2947; x_wconf 86' lang='lat' dir='ltr'>fluendi,</span> 
     </span>
     <span class='ocr_line' id='line_1_23' title="bbox 300 2984 1157 3072; baseline -0.004 -21"><span class='ocrx_word' id='word_1_151' title='bbox 300 2993 453 3072; x_wconf 91' lang='lat' dir='ltr'>perpetuo</span> <span class='ocrx_word' id='word_1_152' title='bbox 477 2986 628 3068; x_wconf 90' lang='lat' dir='ltr'>quoniam</span> <span class='ocrx_word' id='word_1_153' title='bbox 651 2984 804 3050; x_wconf 89' lang='lat' dir='ltr'>sentimus</span> <span class='ocrx_word' id='word_1_154' title='bbox 828 2990 859 3048; x_wconf 88' lang='lat' dir='ltr'>et</span> <span class='ocrx_word' id='word_1_155' title='bbox 882 2985 989 3049; x_wconf 92' lang='lat' dir='ltr'>omnia</span> <span class='ocrx_word' id='word_1_156' title='bbox 1011 3004 1157 3069; x_wconf 89' lang='lat' dir='ltr'>semper.</span> 
     </span>
     <span class='ocr_line' id='line_1_24' title="bbox 227 3100 1144 3190; baseline -0.004 -23"><span class='ocrx_word' id='word_1_157' title='bbox 227 3121 277 3168; x_wconf 83' lang='grc'>200</span> <span class='ocrx_word' id='word_1_158' title='bbox 344 3104 516 3166; x_wconf 86' lang='lat' dir='ltr'>Praeterea</span> <span class='ocrx_word' id='word_1_159' title='bbox 539 3100 689 3182; x_wconf 91' lang='lat' dir='ltr'>quoniam</span> <span class='ocrx_word' id='word_1_160' title='bbox 712 3101 859 3190; x_wconf 87' lang='lat' dir='ltr'>manibus</span> <span class='ocrx_word' id='word_1_161' title='bbox 883 3104 1019 3164; x_wconf 65' lang='lat' dir='ltr'>tractata</span> <span class='ocrx_word' id='word_1_162' title='bbox 1041 3100 1144 3182; x_wconf 84' lang='lat' dir='ltr'>figura</span> 
     </span>
     <span class='ocr_line' id='line_1_25' title="bbox 303 3214 1240 3297; baseline 0.001 -19"><span class='ocrx_word' id='word_1_163' title='bbox 303 3215 336 3278; x_wconf 95' lang='lat' dir='ltr'>in</span> <span class='ocrx_word' id='word_1_164' title='bbox 359 3215 498 3280; x_wconf 90' lang='lat' dir='ltr'>tenebris</span> <span class='ocrx_word' id='word_1_165' title='bbox 521 3215 680 3296; x_wconf 87' lang='lat' dir='ltr'>quaedam</span> <span class='ocrx_word' id='word_1_166' title='bbox 704 3216 904 3295; x_wconf 84' lang='lat' dir='ltr'>cognoscitur</span> <span class='ocrx_word' id='word_1_167' title='bbox 926 3233 998 3280; x_wconf 90' lang='lat' dir='ltr'>esse</span> <span class='ocrx_word' id='word_1_168' title='bbox 1021 3214 1132 3279; x_wconf 85' lang='lat' dir='ltr'>eadem</span> <span class='ocrx_word' id='word_1_169' title='bbox 1157 3235 1240 3297; x_wconf 90' lang='lat' dir='ltr'>quae</span> 
     </span>
     <span class='ocr_line' id='line_1_26' title="bbox 305 3329 1113 3405; baseline -0.002 -11"><span class='ocrx_word' id='word_1_170' title='bbox 305 3331 440 3394; x_wconf 88' lang='lat' dir='ltr'>cernitur</span> <span class='ocrx_word' id='word_1_171' title='bbox 464 3331 497 3393; x_wconf 93' lang='lat' dir='ltr'>in</span> <span class='ocrx_word' id='word_1_172' title='bbox 520 3331 590 3394; x_wconf 98' lang='grc'>1000</span> <span class='ocrx_word' id='word_1_173' title='bbox 614 3335 644 3392; x_wconf 90' lang='grc'>01</span> <span class='ocrx_word' id='word_1_174' title='bbox 667 3329 752 3394; x_wconf 89' lang='lat' dir='ltr'>claro</span> <span class='ocrx_word' id='word_1_175' title='bbox 776 3329 934 3405; x_wconf 88' lang='lat' dir='ltr'>candore,</span> <span class='ocrx_word' id='word_1_176' title='bbox 952 3335 1113 3393; x_wconf 78' lang='lat' dir='ltr'>necessest</span> 
     </span>
     <span class='ocr_line' id='line_1_27' title="bbox 301 3443 1073 3525; baseline -0.005 -17"><span class='ocrx_word' id='word_1_177' title='bbox 301 3444 459 3508; x_wconf 85' lang='lat' dir='ltr'>consimili</span> <span class='ocrx_word' id='word_1_178' title='bbox 482 3464 582 3508; x_wconf 88' lang='lat' dir='ltr'>causa</span> <span class='ocrx_word' id='word_1_179' title='bbox 605 3449 722 3507; x_wconf 85' lang='lat' dir='ltr'>tactum</span> <span class='ocrx_word' id='word_1_180' title='bbox 746 3444 911 3525; x_wconf 89' lang='lat' dir='ltr'>visumque</span> <span class='ocrx_word' id='word_1_181' title='bbox 934 3443 1073 3508; x_wconf 89' lang='lat' dir='ltr'>moveri.</span> 
     </span>
     <span class='ocr_line' id='line_1_28' title="bbox 211 3557 1175 3641; baseline 0.003 -22"><span class='ocrx_word' id='word_1_182' title='bbox 211 3597 216 3608; x_wconf 85' lang='lat'><strong>·</strong></span> <span class='ocrx_word' id='word_1_183' title='bbox 305 3577 389 3620; x_wconf 94' lang='lat' dir='ltr'>nunc</span> <span class='ocrx_word' id='word_1_184' title='bbox 410 3558 507 3638; x_wconf 85' lang='lat' dir='ltr'>igitur</span> <span class='ocrx_word' id='word_1_185' title='bbox 529 3558 557 3620; x_wconf 91' lang='lat' dir='ltr'>si</span> <span class='ocrx_word' id='word_1_186' title='bbox 580 3558 769 3638; x_wconf 89' lang='lat' dir='ltr'>quadratum</span> <span class='ocrx_word' id='word_1_187' title='bbox 791 3563 984 3641; x_wconf 85' lang='lat' dir='ltr'>temptamus</span> <span class='ocrx_word' id='word_1_188' title='bbox 1007 3563 1039 3620; x_wconf 88' lang='lat' dir='ltr'>et</span> <span class='ocrx_word' id='word_1_189' title='bbox 1059 3557 1092 3620; x_wconf 90' lang='lat' dir='ltr'>id</span> <span class='ocrx_word' id='word_1_190' title='bbox 1115 3577 1175 3622; x_wconf 90' lang='lat' dir='ltr'>nos</span> 
     </span>
     <span class='ocr_line' id='line_1_29' title="bbox 229 3671 1173 3756; baseline -0.004 -16"><span class='ocrx_word' id='word_1_191' title='bbox 229 3693 278 3740; x_wconf 81' lang='grc'>200</span> <span class='ocrx_word' id='word_1_192' title='bbox 305 3677 480 3737; x_wconf 86' lang='lat' dir='ltr'>commovet</span> <span class='ocrx_word' id='word_1_193' title='bbox 503 3673 536 3735; x_wconf 92' lang='lat' dir='ltr'>in</span> <span class='ocrx_word' id='word_1_194' title='bbox 558 3671 718 3754; x_wconf 85' lang='lat' dir='ltr'>tenebris,</span> <span class='ocrx_word' id='word_1_195' title='bbox 736 3671 769 3734; x_wconf 91' lang='lat' dir='ltr'>in</span> <span class='ocrx_word' id='word_1_196' title='bbox 793 3671 856 3736; x_wconf 93' lang='lat' dir='ltr'>luci</span> <span class='ocrx_word' id='word_1_197' title='bbox 881 3691 963 3753; x_wconf 88' lang='lat' dir='ltr'>quae</span> <span class='ocrx_word' id='word_1_198' title='bbox 985 3673 1101 3756; x_wconf 89' lang='lat' dir='ltr'>poterit</span> <span class='ocrx_word' id='word_1_199' title='bbox 1122 3693 1173 3736; x_wconf 91' lang='lat' dir='ltr'>res</span> 
     </span>
     <span class='ocr_line' id='line_1_30' title="bbox 303 3785 1209 3872; baseline -0.002 -20"><span class='ocrx_word' id='word_1_200' title='bbox 303 3787 449 3852; x_wconf 88' lang='lat' dir='ltr'>accidere</span> <span class='ocrx_word' id='word_1_201' title='bbox 471 3787 514 3851; x_wconf 84' lang='lat' dir='ltr'>ad</span> <span class='ocrx_word' id='word_1_202' title='bbox 538 3787 676 3872; x_wconf 81' lang='lat' dir='ltr'>speciem</span> <span class='ocrx_word' id='word_1_203' title='bbox 700 3785 880 3870; x_wconf 87' lang='lat' dir='ltr'>quadrata,</span> <span class='ocrx_word' id='word_1_204' title='bbox 897 3787 957 3852; x_wconf 94' lang='grc'>0101</span> <span class='ocrx_word' id='word_1_205' title='bbox 981 3787 1050 3852; x_wconf 86' lang='grc'>0100</span> <span class='ocrx_word' id='word_1_206' title='bbox 1073 3787 1209 3870; x_wconf 79' lang='lat' dir='ltr'>imago?</span> 
     </span>
     <span class='ocr_line' id='line_1_31' title="bbox 305 3901 1152 3988; baseline -0.005 -20"><span class='ocrx_word' id='word_1_207' title='bbox 305 3923 379 3968; x_wconf 90' lang='grc'>0000</span> <span class='ocrx_word' id='word_1_208' title='bbox 401 3901 648 3988; x_wconf 85' lang='lat' dir='ltr'>inimaginibus</span> <span class='ocrx_word' id='word_1_209' title='bbox 671 3920 735 3984; x_wconf 92' lang='lat' dir='ltr'>qua</span> <span class='ocrx_word' id='word_1_210' title='bbox 758 3907 888 3985; x_wconf 89' lang='lat' dir='ltr'>propter</span> <span class='ocrx_word' id='word_1_211' title='bbox 911 3923 1008 3968; x_wconf 88' lang='lat' dir='ltr'>causa</span> <span class='ocrx_word' id='word_1_212' title='bbox 1029 3902 1152 3967; x_wconf 88' lang='lat' dir='ltr'>videtur</span> 
     </span>
    </p>
   </div>
   <div class='ocr_carea' id='block_1_3' title="bbox 303 4088 504 4095">
    <p class='ocr_par' dir='ltr' id='par_1_3' title="bbox 303 4088 504 4095">
     <span class='ocr_line' id='line_1_32' title="bbox 303 4088 504 4095; baseline 0 -1"><span class='ocrx_word' id='word_1_213' title='bbox 303 4088 504 4095; x_wconf 77' lang='lat'><strong>--——-——.-</strong></span> 
     </span>
    </p>
   </div>
   <div class='ocr_carea' id='block_1_4' title="bbox 305 4201 1429 4447">
    <p class='ocr_par' dir='ltr' id='par_1_4' title="bbox 305 4201 1429 4447">
     <span class='ocr_line' id='line_1_33' title="bbox 307 4201 1426 4275; baseline -0.002 -19"><span class='ocrx_word' id='word_1_214' title='bbox 307 4211 357 4256; x_wconf 90' lang='grc'>210</span> <span class='ocrx_word' id='word_1_215' title='bbox 375 4216 472 4257; x_wconf 89' lang='lat' dir='ltr'>motum</span> <span class='ocrx_word' id='word_1_216' title='bbox 493 4205 506 4275; x_wconf 96' lang='grc'>11</span> <span class='ocrx_word' id='word_1_217' title='bbox 529 4209 579 4256; x_wconf 90' lang='grc'>213</span> <span class='ocrx_word' id='word_1_218' title='bbox 598 4207 702 4255; x_wconf 88' lang='lat' dir='ltr'>mundi.</span> <span class='ocrx_word' id='word_1_219' title='bbox 728 4203 742 4272; x_wconf 96' lang='grc'>11</span> <span class='ocrx_word' id='word_1_220' title='bbox 767 4209 816 4254; x_wconf 87' lang='grc'>216</span> <span class='ocrx_word' id='word_1_221' title='bbox 836 4205 901 4253; x_wconf 88' lang='lat' dir='ltr'>mira</span> <span class='ocrx_word' id='word_1_222' title='bbox 925 4201 939 4272; x_wconf 96' lang='grc' dir='ltr'>Ι1</span> <span class='ocrx_word' id='word_1_223' title='bbox 964 4207 1014 4254; x_wconf 89' lang='grc'>218</span> <span class='ocrx_word' id='word_1_224' title='bbox 1033 4205 1113 4254; x_wconf 85' lang='grc'>110001</span> <span class='ocrx_word' id='word_1_225' title='bbox 1137 4201 1150 4272; x_wconf 97' lang='grc'>11</span> <span class='ocrx_word' id='word_1_226' title='bbox 1176 4206 1226 4253; x_wconf 92' lang='grc'>220</span> <span class='ocrx_word' id='word_1_227' title='bbox 1245 4220 1390 4255; x_wconf 91' lang='lat' dir='ltr'>meororum</span> <span class='ocrx_word' id='word_1_228' title='bbox 1411 4203 1426 4272; x_wconf 95' lang='grc'>11</span> 
     </span>
     <span class='ocr_line' id='line_1_34' title="bbox 306 4287 1429 4359; baseline -0.001 -16"><span class='ocrx_word' id='word_1_229' title='bbox 306 4296 453 4344; x_wconf 84' lang='grc'>222-228</span> <span class='ocrx_word' id='word_1_230' title='bbox 472 4295 527 4344; x_wconf 81' lang='lat' dir='ltr'>bis.</span> <span class='ocrx_word' id='word_1_231' title='bbox 550 4291 562 4359; x_wconf 89' lang='grc'>11</span> <span class='ocrx_word' id='word_1_232' title='bbox 584 4295 633 4342; x_wconf 89' lang='grc'>229</span> <span class='ocrx_word' id='word_1_233' title='bbox 654 4293 762 4344; x_wconf 84' lang='lat' dir='ltr'>Cernere</span> <span class='ocrx_word' id='word_1_234' title='bbox 781 4293 882 4342; x_wconf 80' lang='lat' dir='ltr'>odorari</span> <span class='ocrx_word' id='word_1_235' title='bbox 902 4293 962 4342; x_wconf 88' lang='lat' dir='ltr'>licet</span> <span class='ocrx_word' id='word_1_236' title='bbox 980 4301 1005 4343; x_wconf 90' lang='grc'>01</span> <span class='ocrx_word' id='word_1_237' title='bbox 1017 4293 1109 4342; x_wconf 80' lang='lat' dir='ltr'>sentire</span> <span class='ocrx_word' id='word_1_238' title='bbox 1122 4307 1227 4342; x_wconf 83' lang='lat' dir='ltr'>sonere.</span> <span class='ocrx_word' id='word_1_239' title='bbox 1249 4287 1262 4359; x_wconf 97' lang='grc'>11</span> <span class='ocrx_word' id='word_1_240' title='bbox 1283 4293 1332 4341; x_wconf 80' lang='grc'>235</span> <span class='ocrx_word' id='word_1_241' title='bbox 1352 4291 1429 4342; x_wconf 88' lang='lat' dir='ltr'>Com-</span> 
     </span>
     <span class='ocr_line' id='line_1_35' title="bbox 305 4379 663 4447; baseline -0.003 -17"><span class='ocrx_word' id='word_1_242' title='bbox 305 4390 388 4431; x_wconf 86' lang='lat' dir='ltr'>moret</span> <span class='ocrx_word' id='word_1_243' title='bbox 406 4389 430 4432; x_wconf 88' lang='grc'>01</span> <span class='ocrx_word' id='word_1_244' title='bbox 448 4382 475 4430; x_wconf 91' lang='grc'>10</span> <span class='ocrx_word' id='word_1_245' title='bbox 495 4379 507 4447; x_wconf 95' lang='grc'>11</span> <span class='ocrx_word' id='word_1_246' title='bbox 531 4382 579 4429; x_wconf 86' lang='grc'>231</span> <span class='ocrx_word' id='word_1_247' title='bbox 602 4381 663 4443; x_wconf 80' lang='lat' dir='ltr'>quis</span> 
     </span>
    </p>
   </div>
   <div class='ocr_carea' id='block_1_5' title="bbox 0 0 1574 5036">
    <p class='ocr_par' dir='ltr' id='par_1_5' title="bbox 0 0 1574 5036">
     <span class='ocr_line' id='line_1_36' title="bbox 0 0 1574 5036; baseline 0 0"><span class='ocrx_word' id='word_1_248' title='bbox 0 0 1574 5036; x_wconf 95' lang='lat' dir='ltr'> </span> 
     </span>
    </p>
   </div>
  </div>
 </body>
</html>
