3140 5036
710 373 754 437 HI

85 566 138 615 999
163 567 224 613 neo
247 545 334 628 quod
356 545 415 613 sub
437 566 556 628 magno
579 549 758 612 scrutentur
779 549 907 628 peotore
931 544 1101 628 quiequam

163 666 354 746 perpetuam
376 667 515 727 aetatem
536 665 670 745 possunt
693 660 834 745 reperire
856 656 1019 742 profecto.

164 797 261 858 quam
282 775 360 839 libet
382 775 514 842 immuni
537 776 681 862 proieetu
704 773 846 858 eorporis
868 778 994 850 exstet,

165 891 218 972 qui
241 911 306 954 non
329 892 399 956 sola
421 911 537 956 novem
560 889 715 974 dispessis
738 889 850 972 iugera
867 887 1023 952 membris

167 1005 330 1089 optineat,
348 1005 405 1070 sed
428 1007 483 1087 qui
507 1006 604 1070 terrui
626 1005 721 1070 totius
745 1003 873 1086 orbem,

87 1139 140 1186 990
164 1126 359 1184 nontamen
382 1126 547 1184 aeternum
568 1119 684 1203 poterit
705 1117 847 1203 perferre
870 1117 1014 1182 dolorem

165 1253 226 1298 neo
248 1234 404 1317 praebere
426 1235 532 1299 eibum
553 1234 683 1317 proprio
706 1233 747 1298 de
770 1251 902 1318 corpore
925 1249 1073 1314 semper.

164 1348 222 1412 sed
245 1348 359 1432 Tityos
381 1348 474 1413 nobis
495 1347 548 1414 hio
571 1354 639 1432 est,
655 1349 688 1412 in
710 1368 818 1414 amore
840 1347 1002 1412 iuuentem

165 1483 260 1544 quem
281 1463 426 1528 volueres
448 1463 591 1529 lauerant
613 1468 707 1545 atque
730 1469 821 1528 exest
842 1461 957 1526 anxins
980 1482 1081 1544 angor

165 1584 221 1642 aut
243 1578 311 1642 9119
334 1577 444 1659 quavis
467 1577 615 1644 scindunt
638 1579 816 1662 cuppedine
839 1597 955 1642 911199.

89 1712 140 1758 995
167 1692 324 1777 Sisyphus
345 1692 377 1756 in
399 1692 465 1757 vita
488 1707 613 1775 quoque
635 1693 729 1758 nobis
752 1697 825 1757 ante
848 1691 957 1757 oeulos
980 1696 1047 1773 est,

165 1807 220 1888 qui
242 1811 353 1892 petere
376 1827 397 1872 a
418 1808 538 1892 populo
562 1806 668 1874 fasces
691 1827 869 1889 saevasque
895 1825 1023 1872 seoures

164 1921 308 2004 imbibit,
326 1927 357 1986 et
379 1942 505 2006 semper
527 1924 628 1988 vietus
650 1923 812 2005 tristisque
834 1921 974 1988 resedit.

165 2056 240 2100 nam
262 2041 371 2120 petere
393 2037 580 2121 imperium,
598 2038 683 2118 quod
706 2038 833 2102 inanest
854 2057 913 2100 nee
936 2036 1027 2098 datur
1049 2053 1220 2115 umquam,

167 2157 263 2233 atque
285 2151 318 2216 in
341 2171 379 2216 9ο
403 2145 529 2236 semper
552 2151 663 2216 durum
686 2152 818 2218 sufferre
841 2151 1006 2226 laborem,

82 2286 151 2333 1999
168 2266 229 2330 1199
251 2271 300 2330 est
321 2267 456 2332 adverso
479 2267 642 2331 nixantem
665 2265 792 2330 trudere
815 2269 923 2328 monte
1074 2345 1077 2350 1

166 2400 299 2464 99119111,
317 2381 403 2463 quod
425 2386 531 2446 tamen
555 2401 572 2446 e
594 2401 716 2447 summo
739 2381 804 2445 iarn
827 2377 944 2444 vertice
966 2397 1076 2442 rusum

169 2495 304 2560 volvitur
327 2502 358 2560 et
378 2495 467 2580 plani
489 2497 603 2580 raptim
625 2497 705 2579 petit
726 2515 869 2577 aequora
892 2493 1017 2577 campi.

171 2608 286 2676 deinde
309 2609 408 2674 animi
430 2611 585 2695 ingratum
610 2617 754 2674 naturam
777 2628 908 2693 pascere
931 2627 1078 2690 semper,

169 2731 265 2806 utque
288 2725 417 2808 explere
439 2725 532 2790 bonis
555 2725 649 2791 rebus
673 2724 855 2805 satiareque
878 2741 1072 2804 numquam,

85 2859 154 2907 1999
170 2839 256 2921 quod
278 2837 399 2904 faciunt
421 2840 514 2906 nobis
537 2861 692 2906 annorum
713 2846 860 2924 temporo
882 2838 1020 2919 vietum,

172 2975 242 3018 oum
262 2953 416 3030 redeunt,
432 2955 579 3037 fetusque
601 2955 704 3019 ferunt
726 2954 895 3036 variosque
920 2954 1072 3036 lepores,

169 3088 229 3134 1199
250 3073 360 3133 tamen
381 3069 544 3152 explemur
566 3069 642 3134 vitai
665 3068 818 3132 fructibus
840 3087 1009 3150 umquem,

169 3183 250 3261 boe,
266 3190 301 3248 ut
323 3183 454 3266 opinor,
473 3184 504 3248 id
528 3189 596 3268 est,
614 3204 692 3248 9919
715 3183 848 3248 florente
871 3182 995 3266 puellus
1061 3245 1063 3250 .

171 3297 257 3380 quod
278 3305 455 3362 memorant
475 3299 603 3364 laticem
626 3303 788 3381 pertusum
812 3316 984 3382 congerere
1007 3296 1041 3360 in
1062 3316 1140 3379 vas,

87 3431 156 3478 1919
174 3412 258 3493 quod
281 3417 387 3476 tamen
410 3412 529 3497 expleri
552 3413 642 3476 nullu
665 3413 787 3478 ratione
808 3418 971 3497 potestur.

172 3527 329 3621 Cerberus
351 3534 384 3592 et
404 3527 505 3592 suriae
528 3527 592 3592 iam
614 3548 711 3613 vero,
729 3534 760 3592 et
781 3528 861 3593 lueis
885 3547 1006 3612 egenus

171 3643 324 3723 'ferturus
347 3627 520 3707 horriferos
543 3649 690 3708 eruotans
712 3642 857 3708 faucibus
878 3649 1007 3719 aestus,

172 3755 396 3837 quintaeque
417 3763 491 3822 sunt
512 3777 647 3839 usquam
669 3778 727 3823 neo
749 3763 885 3842 possunt
907 3776 978 3822 esse
1000 3757 1163 3840 profecto:
1189 3791 1191 3796 .

171 3871 229 3934 sed
250 3877 353 3936 metus
375 3870 406 3933 in
429 3871 494 3935 vita
516 3891 690 3954 poenarum
713 3893 771 3957 pro
794 3871 879 3936 mule
901 3870 993 3934 fastis

176 4171 307 4234 seuquid
328 4169 341 4241 Η
362 4173 412 4222 988
431 4172 549 4237 dispersis
570 4171 583 4242 Η
604 4175 653 4224 992
668 4187 693 4222 es
713 4170 726 4240 Η
747 4175 798 4223 994
817 4169 952 4236 ourpedine
972 4166 985 4239 Η
1006 4171 1054 4221 997
1076 4169 1190 4234 tristique
1210 4168 1224 4239 Η
1244 4173 1293 4221 999

174 4258 289 4308 laborem
301 4260 422 4310 sufferre.
437 4259 449 4328 Η
472 4263 537 4309 1001
552 4277 566 4310 9
579 4262 719 4311 omissum.
734 4257 747 4328 Η
764 4261 829 4309 1005
844 4259 955 4308 circum.
971 4255 984 4326 Η
1006 4261 1072 4308 1009
1086 4274 1177 4322 cogere
1197 4255 1210 4328 Η
1227 4262 1293 4310 1010

177 4347 230 4395 11119
249 4342 263 4416 Η
284 4349 350 4396 1011
371 4345 480 4416 1111199Η
501 4354 631 4409 degustas.
653 4342 666 4414 Η
688 4349 754 4396 1013
774 4347 824 4408 Qui
845 4343 858 4413 Η
881 4348 1104 4409 101499999111111
