3140 5032
298 375 358 438 190
843 367 887 476 v¹

333 539 410 602 lude
434 557 527 604 ceses
550 545 623 623 post
645 557 740 620 quam
763 558 801 602 no
824 537 917 622 peliis
940 539 1112 630 ignemque
1135 543 1305 622 perurunt,

296 663 328 718 et
349 655 462 718 mulier
485 655 654 719 ooniunota
677 653 744 718 viro
769 653 924 718 concessit
946 653 978 716 in
1001 671 1097 716 unum

295 768 485 852 conubium,
501 769 687 852 prolemque
710 786 750 832 ex
773 787 808 832 se
830 767 939 832 videre
962 773 1122 844 orontem,

295 890 360 947 tum
384 902 484 965 genus
507 881 678 980 humanum
701 883 835 965 primum
858 882 1045 948 mollesoere
1067 881 1191 964 eoepit.

213 1018 278 1065 1010
296 997 380 1080 ignis
404 997 486 1062 enirn
510 995 632 1061 curavit
653 1002 688 1060 ut
710 997 793 1060 alsia
814 1015 950 1079 oorpora
971 995 1073 1077 frigus

200 1089 201 1100 ἵ
296 1132 360 1176 non
383 1111 428 1175 ite
450 1112 514 1176 iam
537 1116 669 1195 possent
691 1110 774 1175 oueli
795 1110 854 1175 sub
877 1109 1018 1190 tegmine
1042 1109 1143 1194 serre,

296 1231 327 1290 et
350 1227 459 1290 Venus
482 1226 627 1290 inminuit
648 1224 746 1303 viris,
762 1225 916 1308 puerique
937 1230 1106 1308 parentum

296 1339 461 1404 blanditiis
482 1337 577 1404 facile
598 1339 760 1421 ingenium
783 1338 911 1420 fregere
934 1339 1128 1423 superbum.

295 1459 370 1518 tuno
394 1454 616 1544 etamioitiem
638 1459 812 1537 eoeperunt
834 1453 963 1537 iungere
986 1459 1119 1518 aventes

214 1589 280 1634 1000
297 1568 419 1632 finitimi
442 1568 523 1633 inter
545 1587 579 1632 se
602 1587 660 1632 nee
681 1567 811 1632 laedere
833 1587 893 1632 nee
914 1566 1048 1651 violari,

297 1689 328 1746 et
348 1701 466 1766 pueros
488 1681 751 1746 commendarunt
772 1681 991 1762 muliebreque
1014 1681 1173 1763 saeelum,

295 1797 426 1861 vooibus
449 1802 481 1860 et
502 1801 595 1879 gestu
617 1815 688 1860 oum
711 1795 808 1860 balbe
831 1795 1051 1876 significarent

297 1909 528 1974 imbecillorum
552 1927 623 1974 esse
646 1927 757 1974 oeoum
780 1909 960 1976 misererier
983 1911 1106 1976 omnis.

190 2031 193 2036 '
298 2043 357 2088 nee
379 2031 486 2088 tamen
508 2021 700 2088 omnimodis
722 2029 847 2104 poterat
869 2025 1041 2090 oonoordie
1063 2024 1173 2108 gigni,

215 2139 354 2206 10100001
377 2139 462 2202 bona
485 2157 664 2220 magnaque
686 2157 762 2221 pers
784 2139 932 2204 servabat
954 2138 1087 2204 loedere
1110 2143 1217 2203 ueste:

296 2259 352 2316 aut
373 2271 476 2336 genus
499 2251 669 2316 humanum
694 2251 758 2316 iem
780 2258 845 2316 tum
869 2251 952 2318 foret
974 2273 1068 2320 omne
1090 2257 1310 2337 peremptum,

296 2386 355 2430 neo
376 2366 532 2450 potuisset
554 2365 661 2430 adhue
683 2365 860 2449 perducere
884 2369 993 2433 saeola
1014 2389 1183 2454 propago.

336 2482 377 2544 At
398 2480 504 2544 varios
527 2481 656 2562 linguae
678 2480 799 2545 sonitus
822 2488 937 2546 natura
959 2483 1086 2566 subegit

296 2594 440 2676 mittere,
457 2598 489 2658 et
511 2594 632 2658 utilitas
654 2596 810 2677 expressit
833 2597 962 2660 nomine
984 2617 1109 2674 rerum,

216 2727 282 2773 1030
298 2728 363 2772 non
386 2707 451 2770 alia
474 2707 569 2789 longe
590 2709 715 2774 ratione
739 2716 836 2791 atque
860 2709 931 2793 ipsa
953 2709 1079 2774 videtur

299 2820 486 2906 protrahere
509 2822 552 2885 ad
574 2829 698 2902 gestum
720 2843 837 2904 pueros
859 2823 994 2887 infantia
1015 2824 1166 2909 linguae,

208 2959 211 2966 *
298 2955 366 2999 oum
391 2933 470 2998 laoit
492 2941 525 2998 ut
547 2935 646 3018 digito
671 2954 752 3017 queo
775 2937 838 3001 sint
859 2937 1043 3020 praesentia
1064 2944 1259 3004 monstrent.

297 3049 391 3113 sentit
413 3048 496 3112 enim
519 3049 581 3112 vim
604 3048 739 3130 quisque
763 3070 853 3114 suam
876 3072 938 3134 quo
962 3053 1004 3116 ad
1026 3053 1129 3136 possit
1151 3054 1260 3118 abuti.

300 3183 421 3226 cornua
443 3169 519 3225 nata
542 3162 629 3245 prius
652 3164 749 3229 ritulo
773 3185 868 3255 quam
893 3167 1048 3232 frontibus
1072 3173 1200 3250 extent,

216 3297 282 3344 1030
298 3277 362 3342 iilis
376 3277 483 3341 iratus
506 3277 584 3358 petit
606 3283 701 3358 atque
723 3278 858 3344 infestus
880 3281 1026 3363 inurget.

299 3398 331 3454 at
354 3390 448 3455 eatuli
472 3389 697 3472 pantherarum
721 3394 908 3475 scymnique
932 3396 1058 3460 leonum

297 3505 458 3584 unguibus
482 3523 521 3566 ao
543 3503 680 3585 pedibus
702 3505 765 3568 iam
788 3513 852 3570 tum
875 3527 1046 3589 morsuque
1068 3516 1265 3593 repugnent,

296 3619 348 3682 vix
371 3618 466 3681 etiam
490 3637 560 3681 oum
584 3623 658 3680 sunt
680 3617 792 3696 dentes
815 3639 1000 3701 unguesque
1024 3622 1141 3686 ereati.

296 3733 430 3796 alituum
453 3752 546 3814 porro
570 3749 671 3812 genus
694 3729 754 3794 olis
778 3751 871 3795 omne
893 3732 1040 3798 videmus

215 3866 281 3912 1040
298 3845 397 3911 fidere
421 3851 452 3912 et
473 3866 493 3910 a
514 3844 622 3930 pinnis
644 3843 811 3909 tremulum
834 3852 943 3928 petere
966 3848 1173 3914 auxiliatum.

297 4029 498 4036 *⁶*-

301 4146 365 4192 1011
386 4159 469 4194 cassas
489 4144 502 4212 Η
522 4149 602 4210 pellns
622 4145 636 4216 Η
658 4150 724 4197 1013
738 4147 920 4211 Cognitasunt
940 4145 953 4215 Η
975 4151 1041 4199 1016
1056 4150 1132 4200 10111.
1152 4148 1167 4219 Η
1189 4151 1382 4200 retentatore.
1404 4150 1419 4220 Η

302 4232 369 4279 1023
383 4234 469 4282 omni.
485 4231 498 4301 Η
515 4234 674 4283 resonasti.
696 4231 710 4300 Η
732 4237 797 4283 1033
811 4236 848 4284 vis
863 4232 875 4302 Η
889 4236 956 4296 quod
975 4233 989 4303 Η
1011 4239 1076 4287 1035
1091 4237 1198 4286 infessus
1212 4237 1227 4306 Η
1248 4239 1389 4288 1033110111
1403 4239 1418 4306 Η

302 4319 368 4364 1039
388 4335 510 4382 proporro
