<?xml version="1.0" encoding="UTF-8"?>
<!DOCTYPE html PUBLIC "-//W3C//DTD XHTML 1.0 Transitional//EN"
    "http://www.w3.org/TR/xhtml1/DTD/xhtml1-transitional.dtd">
<html xmlns="http://www.w3.org/1999/xhtml" xml:lang="en" lang="en">
 <head>
  <title>
</title>
<meta http-equiv="Content-Type" content="text/html;charset=utf-8" />
  <meta name='ocr-system' content='tesseract 3.04.00' />
  <meta name='ocr-capabilities' content='ocr_page ocr_carea ocr_par ocr_line ocrx_word'/>
</head>
<body>
  <div class='ocr_page' id='page_1' title='image "./tlucreticarider25carugoog_0203.png"; bbox 0 0 3140 5032; ppageno 0'>
   <div class='ocr_carea' id='block_1_1' title="bbox 300 405 870 477">
    <p class='ocr_par' dir='ltr' id='par_1_1' title="bbox 300 405 870 477">
     <span class='ocr_line' id='line_1_1' title="bbox 300 405 870 477; baseline -0.007 -3"><span class='ocrx_word' id='word_1_1' title='bbox 300 413 360 477; x_wconf 89' lang='lat'><strong>196</strong></span> <span class='ocrx_word' id='word_1_2' title='bbox 842 405 870 470; x_wconf 91' lang='lat' dir='ltr'>V</span> 
     </span>
    </p>
   </div>
   <div class='ocr_carea' id='block_1_2' title="bbox 160 574 1271 4108">
    <p class='ocr_par' dir='ltr' id='par_1_2' title="bbox 295 574 1211 890">
     <span class='ocr_line' id='line_1_2' title="bbox 295 574 1211 660; baseline -0.002 -18"><span class='ocrx_word' id='word_1_3' title='bbox 295 577 424 660; x_wconf 83' lang='lat' dir='ltr'><strong>nubila,</strong></span> <span class='ocrx_word' id='word_1_4' title='bbox 442 576 509 659; x_wconf 90' lang='lat' dir='ltr'><strong>sol,</strong></span> <span class='ocrx_word' id='word_1_5' title='bbox 525 574 662 660; x_wconf 89' lang='lat' dir='ltr'><strong>imbres,</strong></span> <span class='ocrx_word' id='word_1_6' title='bbox 680 576 753 660; x_wconf 84' lang='lat' dir='ltr'><strong>nix,</strong></span> <span class='ocrx_word' id='word_1_7' title='bbox 771 577 876 653; x_wconf 79' lang='lat' dir='ltr'><strong>venti,</strong></span> <span class='ocrx_word' id='word_1_8' title='bbox 892 576 1048 660; x_wconf 84' lang='lat' dir='ltr'><strong>fulmina,</strong></span> <span class='ocrx_word' id='word_1_9' title='bbox 1067 577 1211 660; x_wconf 79' lang='lat' dir='ltr'>grando,</span> 
     </span>
     <span class='ocr_line' id='line_1_3' title="bbox 295 689 1210 776; baseline 0 -20"><span class='ocrx_word' id='word_1_10' title='bbox 295 698 326 756; x_wconf 91' lang='lat' dir='ltr'><strong>et</strong></span> <span class='ocrx_word' id='word_1_11' title='bbox 346 690 449 774; x_wconf 91' lang='lat' dir='ltr'><strong>rapidi</strong></span> <span class='ocrx_word' id='word_1_12' title='bbox 471 689 635 776; x_wconf 83' lang='lat' dir='ltr'><strong>fremitus,</strong></span> <span class='ocrx_word' id='word_1_13' title='bbox 653 695 685 756; x_wconf 90' lang='lat' dir='ltr'><strong>et</strong></span> <span class='ocrx_word' id='word_1_14' title='bbox 707 710 868 755; x_wconf 89' lang='lat' dir='ltr'><strong>murmura</strong></span> <span class='ocrx_word' id='word_1_15' title='bbox 891 711 1010 773; x_wconf 88' lang='lat' dir='ltr'><strong>magna</strong></span> <span class='ocrx_word' id='word_1_16' title='bbox 1032 692 1210 756; x_wconf 89' lang='lat' dir='ltr'><strong>minarum.</strong></span> 
     </span>
     <span class='ocr_line' id='line_1_4' title="bbox 333 804 1037 890; baseline 0.001 -20"><span class='ocrx_word' id='word_1_17' title='bbox 333 807 359 870; x_wconf 87' lang='lat'>0</span> <span class='ocrx_word' id='word_1_18' title='bbox 382 825 483 890; x_wconf 86' lang='lat' dir='ltr'><strong>genus</strong></span> <span class='ocrx_word' id='word_1_19' title='bbox 504 804 618 871; x_wconf 82' lang='lat' dir='ltr'><strong>infelix</strong></span> <span class='ocrx_word' id='word_1_20' title='bbox 640 806 835 889; x_wconf 87' lang='lat' dir='ltr'><strong>humanum,</strong></span> <span class='ocrx_word' id='word_1_21' title='bbox 851 805 931 870; x_wconf 90' lang='lat' dir='ltr'><strong>talia</strong></span> <span class='ocrx_word' id='word_1_22' title='bbox 955 805 1037 871; x_wconf 89' lang='lat' dir='ltr'><strong>divis</strong></span> 
     </span>
    </p>

    <p class='ocr_par' dir='ltr' id='par_1_3' title="bbox 213 920 1246 1465">
     <span class='ocr_line' id='line_1_5' title="bbox 213 920 1160 1002; baseline -0.004 -14"><span class='ocrx_word' id='word_1_23' title='bbox 213 941 367 990; x_wconf 79' lang='grc'>11950001</span> <span class='ocrx_word' id='word_1_24' title='bbox 389 920 499 984; x_wconf 88' lang='lat' dir='ltr'><strong>tribuit</strong></span> <span class='ocrx_word' id='word_1_25' title='bbox 521 920 607 985; x_wconf 86' lang='lat' dir='ltr'><strong>lacta</strong></span> <span class='ocrx_word' id='word_1_26' title='bbox 628 927 724 1002; x_wconf 88' lang='lat' dir='ltr'><strong>atque</strong></span> <span class='ocrx_word' id='word_1_27' title='bbox 746 922 813 984; x_wconf 87' lang='lat' dir='ltr'><strong>iras</strong></span> <span class='ocrx_word' id='word_1_28' title='bbox 836 920 983 984; x_wconf 83' lang='lat' dir='ltr'><strong>adiunxit</strong></span> <span class='ocrx_word' id='word_1_29' title='bbox 1005 921 1160 986; x_wconf 87' lang='lat' dir='ltr'><strong>acerbas!</strong></span> 
     </span>
     <span class='ocr_line' id='line_1_6' title="bbox 294 1035 1185 1119; baseline 0 -20"><span class='ocrx_word' id='word_1_30' title='bbox 294 1041 430 1118; x_wconf 88' lang='lat' dir='ltr'><strong>quantos</strong></span> <span class='ocrx_word' id='word_1_31' title='bbox 452 1040 518 1099; x_wconf 91' lang='lat' dir='ltr'><strong>tum</strong></span> <span class='ocrx_word' id='word_1_32' title='bbox 542 1037 677 1118; x_wconf 84' lang='lat' dir='ltr'>gemitus</span> <span class='ocrx_word' id='word_1_33' title='bbox 700 1035 762 1119; x_wconf 91' lang='lat' dir='ltr'><strong>ipsi</strong></span> <span class='ocrx_word' id='word_1_34' title='bbox 785 1035 866 1119; x_wconf 90' lang='lat' dir='ltr'><strong>sibi,</strong></span> <span class='ocrx_word' id='word_1_35' title='bbox 884 1042 1070 1118; x_wconf 89' lang='lat' dir='ltr'><strong>quantaque</strong></span> <span class='ocrx_word' id='word_1_36' title='bbox 1092 1035 1185 1099; x_wconf 91' lang='lat' dir='ltr'><strong>nobis</strong></span> 
     </span>
     <span class='ocr_line' id='line_1_7' title="bbox 291 1150 1235 1234; baseline -0.002 -18"><span class='ocrx_word' id='word_1_37' title='bbox 291 1151 441 1234; x_wconf 89' lang='lat' dir='ltr'><strong>volnera,</strong></span> <span class='ocrx_word' id='word_1_38' title='bbox 459 1171 538 1232; x_wconf 92' lang='lat' dir='ltr'><strong>quas</strong></span> <span class='ocrx_word' id='word_1_39' title='bbox 561 1150 710 1216; x_wconf 83' lang='lat' dir='ltr'>lacrimas</span> <span class='ocrx_word' id='word_1_40' title='bbox 733 1169 887 1234; x_wconf 88' lang='lat' dir='ltr'><strong>peperere</strong></span> <span class='ocrx_word' id='word_1_41' title='bbox 910 1150 1075 1216; x_wconf 89' lang='lat' dir='ltr'><strong>minoribn&#39;</strong></span> <span class='ocrx_word' id='word_1_42' title='bbox 1097 1152 1235 1216; x_wconf 84' lang='lat' dir='ltr'><strong>nostris!</strong></span> 
     </span>
     <span class='ocr_line' id='line_1_8' title="bbox 295 1265 1007 1350; baseline -0.004 -19"><span class='ocrx_word' id='word_1_43' title='bbox 295 1285 354 1331; x_wconf 90' lang='lat' dir='ltr'><strong>nec</strong></span> <span class='ocrx_word' id='word_1_44' title='bbox 376 1265 482 1350; x_wconf 88' lang='lat' dir='ltr'><strong>pietas</strong></span> <span class='ocrx_word' id='word_1_45' title='bbox 504 1266 601 1331; x_wconf 89' lang='lat' dir='ltr'><strong>ullast</strong></span> <span class='ocrx_word' id='word_1_46' title='bbox 622 1266 762 1331; x_wconf 87' lang='lat' dir='ltr'><strong>velatum</strong></span> <span class='ocrx_word' id='word_1_47' title='bbox 785 1285 885 1349; x_wconf 89' lang='lat' dir='ltr'><strong>saepe</strong></span> <span class='ocrx_word' id='word_1_48' title='bbox 907 1265 1007 1330; x_wconf 91' lang='lat' dir='ltr'><strong>videri</strong></span> 
     </span>
     <span class='ocr_line' id='line_1_9' title="bbox 294 1380 1246 1465; baseline -0.001 -20"><span class='ocrx_word' id='word_1_49' title='bbox 294 1381 410 1446; x_wconf 80' lang='lat' dir='ltr'><strong>vertier</strong></span> <span class='ocrx_word' id='word_1_50' title='bbox 433 1380 475 1444; x_wconf 86' lang='lat' dir='ltr'><strong>ad</strong></span> <span class='ocrx_word' id='word_1_51' title='bbox 497 1381 640 1465; x_wconf 86' lang='lat' dir='ltr'><strong>lapidem</strong></span> <span class='ocrx_word' id='word_1_52' title='bbox 663 1386 760 1463; x_wconf 90' lang='lat' dir='ltr'><strong>atque</strong></span> <span class='ocrx_word' id='word_1_53' title='bbox 784 1381 886 1445; x_wconf 89' lang='lat' dir='ltr'><strong>omnis</strong></span> <span class='ocrx_word' id='word_1_54' title='bbox 910 1380 1064 1446; x_wconf 77' lang='lat' dir='ltr'><strong>accedere</strong></span> <span class='ocrx_word' id='word_1_55' title='bbox 1088 1380 1128 1444; x_wconf 87' lang='lat' dir='ltr'><strong>ad</strong></span> <span class='ocrx_word' id='word_1_56' title='bbox 1152 1401 1246 1465; x_wconf 85' lang='lat' dir='ltr'><strong>arar,</strong></span> 
     </span>
    </p>

    <p class='ocr_par' dir='ltr' id='par_1_4' title="bbox 211 1495 1271 2038">
     <span class='ocr_line' id='line_1_10' title="bbox 211 1495 1271 1580; baseline -0.001 -19"><span class='ocrx_word' id='word_1_57' title='bbox 211 1515 277 1563; x_wconf 84' lang='lat'>1200</span> <span class='ocrx_word' id='word_1_58' title='bbox 293 1515 352 1560; x_wconf 90' lang='lat' dir='ltr'><strong>nec</strong></span> <span class='ocrx_word' id='word_1_59' title='bbox 373 1497 580 1580; x_wconf 83' lang='lat' dir='ltr'><strong>procumbere</strong></span> <span class='ocrx_word' id='word_1_60' title='bbox 602 1495 688 1560; x_wconf 90' lang='lat' dir='ltr'><strong>humi</strong></span> <span class='ocrx_word' id='word_1_61' title='bbox 713 1502 905 1580; x_wconf 87' lang='lat' dir='ltr'><strong>prostratum</strong></span> <span class='ocrx_word' id='word_1_62' title='bbox 928 1501 959 1560; x_wconf 89' lang='lat' dir='ltr'><strong>et</strong></span> <span class='ocrx_word' id='word_1_63' title='bbox 981 1496 1123 1579; x_wconf 87' lang='lat' dir='ltr'><strong>pendere</strong></span> <span class='ocrx_word' id='word_1_64' title='bbox 1145 1495 1271 1579; x_wconf 82' lang='lat' dir='ltr'><strong>palmas</strong></span> 
     </span>
     <span class='ocr_line' id='line_1_11' title="bbox 295 1611 1131 1692; baseline -0.002 -16"><span class='ocrx_word' id='word_1_65' title='bbox 295 1616 370 1676; x_wconf 87' lang='lat' dir='ltr'><strong>ante</strong></span> <span class='ocrx_word' id='word_1_66' title='bbox 393 1611 488 1674; x_wconf 91' lang='lat' dir='ltr'><strong>deum</strong></span> <span class='ocrx_word' id='word_1_67' title='bbox 510 1611 663 1688; x_wconf 87' lang='lat' dir='ltr'><strong>delubra,</strong></span> <span class='ocrx_word' id='word_1_68' title='bbox 681 1631 739 1676; x_wconf 91' lang='lat' dir='ltr'><strong>nec</strong></span> <span class='ocrx_word' id='word_1_69' title='bbox 761 1631 835 1675; x_wconf 88' lang='lat' dir='ltr'><strong>aras</strong></span> <span class='ocrx_word' id='word_1_70' title='bbox 856 1611 1012 1692; x_wconf 87' lang='lat' dir='ltr'><strong>sanguine</strong></span> <span class='ocrx_word' id='word_1_71' title='bbox 1035 1611 1131 1674; x_wconf 88' lang='lat' dir='ltr'><strong>multo</strong></span> 
     </span>
     <span class='ocr_line' id='line_1_12' title="bbox 294 1725 1182 1810; baseline 0 -20"><span class='ocrx_word' id='word_1_72' title='bbox 294 1744 446 1810; x_wconf 88' lang='lat' dir='ltr'><strong>spargere</strong></span> <span class='ocrx_word' id='word_1_73' title='bbox 470 1725 733 1810; x_wconf 89' lang='lat' dir='ltr'><strong>quadrupedum,</strong></span> <span class='ocrx_word' id='word_1_74' title='bbox 749 1745 810 1791; x_wconf 86' lang='lat' dir='ltr'><strong>nee</strong></span> <span class='ocrx_word' id='word_1_75' title='bbox 832 1727 916 1792; x_wconf 88' lang='lat' dir='ltr'><strong>votis</strong></span> <span class='ocrx_word' id='word_1_76' title='bbox 937 1733 1065 1790; x_wconf 90' lang='lat' dir='ltr'><strong>nectere</strong></span> <span class='ocrx_word' id='word_1_77' title='bbox 1088 1731 1182 1809; x_wconf 86' lang='lat' dir='ltr'><strong>vota,</strong></span> 
     </span>
     <span class='ocr_line' id='line_1_13' title="bbox 294 1840 1108 1924; baseline -0.001 -20"><span class='ocrx_word' id='word_1_78' title='bbox 294 1840 351 1906; x_wconf 91' lang='lat' dir='ltr'><strong>sed</strong></span> <span class='ocrx_word' id='word_1_79' title='bbox 375 1860 468 1921; x_wconf 85' lang='lat' dir='ltr'><strong>mage</strong></span> <span class='ocrx_word' id='word_1_80' title='bbox 493 1846 608 1924; x_wconf 84' lang='lat' dir='ltr'><strong>pecata</strong></span> <span class='ocrx_word' id='word_1_81' title='bbox 630 1859 725 1924; x_wconf 91' lang='lat' dir='ltr'><strong>posse</strong></span> <span class='ocrx_word' id='word_1_82' title='bbox 749 1841 857 1906; x_wconf 92' lang='lat' dir='ltr'><strong>omnia</strong></span> <span class='ocrx_word' id='word_1_83' title='bbox 879 1846 984 1906; x_wconf 91' lang='lat' dir='ltr'><strong>mente</strong></span> <span class='ocrx_word' id='word_1_84' title='bbox 1007 1842 1108 1905; x_wconf 87' lang='lat' dir='ltr'><strong>tueri.</strong></span> 
     </span>
     <span class='ocr_line' id='line_1_14' title="bbox 293 1955 1118 2038; baseline -0.002 -18"><span class='ocrx_word' id='word_1_85' title='bbox 293 1977 366 2020; x_wconf 86' lang='lat' dir='ltr'><strong>narn</strong></span> <span class='ocrx_word' id='word_1_86' title='bbox 391 1975 461 2019; x_wconf 87' lang='lat' dir='ltr'><strong>oum</strong></span> <span class='ocrx_word' id='word_1_87' title='bbox 485 1955 674 2038; x_wconf 82' lang='lat' dir='ltr'><strong>suspicimus</strong></span> <span class='ocrx_word' id='word_1_88' title='bbox 697 1957 807 2037; x_wconf 87' lang='lat' dir='ltr'><strong>magni</strong></span> <span class='ocrx_word' id='word_1_89' title='bbox 830 1955 986 2021; x_wconf 89' lang='lat' dir='ltr'><strong>caelestia</strong></span> <span class='ocrx_word' id='word_1_90' title='bbox 1010 1956 1118 2018; x_wconf 91' lang='lat' dir='ltr'><strong>mundi</strong></span> 
     </span>
    </p>

    <p class='ocr_par' dir='ltr' id='par_1_5' title="bbox 211 2069 1235 2612">
     <span class='ocr_line' id='line_1_15' title="bbox 211 2069 1235 2154; baseline -0.004 -16"><span class='ocrx_word' id='word_1_91' title='bbox 211 2091 277 2139; x_wconf 79' lang='grc'>1000</span> <span class='ocrx_word' id='word_1_92' title='bbox 292 2071 432 2154; x_wconf 88' lang='lat' dir='ltr'><strong>templa,</strong></span> <span class='ocrx_word' id='word_1_93' title='bbox 450 2090 545 2154; x_wconf 91' lang='lat' dir='ltr'><strong>super</strong></span> <span class='ocrx_word' id='word_1_94' title='bbox 568 2070 732 2152; x_wconf 84' lang='lat' dir='ltr'><strong>stellisque</strong></span> <span class='ocrx_word' id='word_1_95' title='bbox 754 2071 943 2136; x_wconf 83' lang='lat' dir='ltr'><strong>micantibus</strong></span> <span class='ocrx_word' id='word_1_96' title='bbox 966 2071 1097 2137; x_wconf 86' lang='lat' dir='ltr'><strong>aethera</strong></span> <span class='ocrx_word' id='word_1_97' title='bbox 1118 2069 1235 2154; x_wconf 85' lang='lat' dir='ltr'><strong>fixum,</strong></span> 
     </span>
     <span class='ocr_line' id='line_1_16' title="bbox 295 2185 1099 2270; baseline 0.001 -21"><span class='ocrx_word' id='word_1_98' title='bbox 295 2191 326 2249; x_wconf 89' lang='lat' dir='ltr'><strong>et</strong></span> <span class='ocrx_word' id='word_1_99' title='bbox 347 2185 435 2250; x_wconf 90' lang='lat' dir='ltr'><strong>venit</strong></span> <span class='ocrx_word' id='word_1_100' title='bbox 456 2185 490 2248; x_wconf 93' lang='lat' dir='ltr'><strong>in</strong></span> <span class='ocrx_word' id='word_1_101' title='bbox 514 2191 651 2250; x_wconf 90' lang='lat' dir='ltr'><strong>mentem</strong></span> <span class='ocrx_word' id='word_1_102' title='bbox 674 2186 752 2251; x_wconf 91' lang='lat' dir='ltr'><strong>solis</strong></span> <span class='ocrx_word' id='word_1_103' title='bbox 775 2187 933 2268; x_wconf 88' lang='lat' dir='ltr'><strong>lunaeque</strong></span> <span class='ocrx_word' id='word_1_104' title='bbox 956 2187 1099 2270; x_wconf 84' lang='lat' dir='ltr'><strong>viarum,</strong></span> 
     </span>
     <span class='ocr_line' id='line_1_17' title="bbox 291 2300 1058 2385; baseline -0.001 -20"><span class='ocrx_word' id='word_1_105' title='bbox 291 2307 367 2365; x_wconf 91' lang='lat' dir='ltr'><strong>tunc</strong></span> <span class='ocrx_word' id='word_1_106' title='bbox 388 2300 461 2364; x_wconf 88' lang='lat' dir='ltr'><strong>eliis</strong></span> <span class='ocrx_word' id='word_1_107' title='bbox 484 2320 640 2385; x_wconf 89' lang='lat' dir='ltr'><strong>oppressa</strong></span> <span class='ocrx_word' id='word_1_108' title='bbox 660 2302 752 2366; x_wconf 85' lang='lat' dir='ltr'><strong>melis</strong></span> <span class='ocrx_word' id='word_1_109' title='bbox 774 2303 807 2364; x_wconf 88' lang='lat' dir='ltr'><strong>in</strong></span> <span class='ocrx_word' id='word_1_110' title='bbox 830 2307 960 2385; x_wconf 86' lang='lat' dir='ltr'><strong>pectora</strong></span> <span class='ocrx_word' id='word_1_111' title='bbox 982 2319 1058 2364; x_wconf 91' lang='lat' dir='ltr'><strong>cura</strong></span> 
     </span>
     <span class='ocr_line' id='line_1_18' title="bbox 292 2413 1153 2500; baseline -0.001 -22"><span class='ocrx_word' id='word_1_112' title='bbox 292 2415 349 2479; x_wconf 92' lang='lat' dir='ltr'><strong>illa</strong></span> <span class='ocrx_word' id='word_1_113' title='bbox 372 2435 497 2497; x_wconf 90' lang='lat' dir='ltr'><strong>quoque</strong></span> <span class='ocrx_word' id='word_1_114' title='bbox 521 2415 780 2500; x_wconf 87' lang='lat' dir='ltr'><strong>expergefactum</strong></span> <span class='ocrx_word' id='word_1_115' title='bbox 803 2423 898 2499; x_wconf 87' lang='lat' dir='ltr'><strong>caput</strong></span> <span class='ocrx_word' id='word_1_116' title='bbox 921 2416 1044 2495; x_wconf 88' lang='lat' dir='ltr'><strong>erigere</strong></span> <span class='ocrx_word' id='word_1_117' title='bbox 1066 2413 1153 2498; x_wconf 86' lang='lat' dir='ltr'><strong>infit,</strong></span> 
     </span>
     <span class='ocr_line' id='line_1_19' title="bbox 292 2529 1112 2612; baseline 0 -18"><span class='ocrx_word' id='word_1_118' title='bbox 292 2549 332 2594; x_wconf 90' lang='grc'><strong>00</strong></span> <span class='ocrx_word' id='word_1_119' title='bbox 356 2549 438 2611; x_wconf 87' lang='grc'>0000</span> <span class='ocrx_word' id='word_1_120' title='bbox 460 2529 543 2596; x_wconf 90' lang='lat' dir='ltr'><strong>forte</strong></span> <span class='ocrx_word' id='word_1_121' title='bbox 567 2531 661 2596; x_wconf 89' lang='lat' dir='ltr'><strong>deum</strong></span> <span class='ocrx_word' id='word_1_122' title='bbox 685 2532 777 2596; x_wconf 88' lang='lat' dir='ltr'><strong>nobis</strong></span> <span class='ocrx_word' id='word_1_123' title='bbox 799 2531 945 2594; x_wconf 89' lang='lat' dir='ltr'><strong>inmensa</strong></span> <span class='ocrx_word' id='word_1_124' title='bbox 966 2534 1112 2612; x_wconf 88' lang='lat' dir='ltr'><strong>potestas</strong></span> 
     </span>
    </p>

    <p class='ocr_par' dir='ltr' id='par_1_6' title="bbox 210 2643 1207 3186">
     <span class='ocr_line' id='line_1_20' title="bbox 210 2643 1110 2728; baseline -0.003 -19"><span class='ocrx_word' id='word_1_125' title='bbox 210 2664 276 2710; x_wconf 81' lang='lat'>1210</span> <span class='ocrx_word' id='word_1_126' title='bbox 293 2643 352 2728; x_wconf 92' lang='lat' dir='ltr'><strong>sit,</strong></span> <span class='ocrx_word' id='word_1_127' title='bbox 369 2645 456 2708; x_wconf 89' lang='lat' dir='ltr'><strong>vario</strong></span> <span class='ocrx_word' id='word_1_128' title='bbox 479 2651 565 2710; x_wconf 91' lang='lat' dir='ltr'><strong>motu</strong></span> <span class='ocrx_word' id='word_1_129' title='bbox 590 2665 672 2728; x_wconf 87' lang='lat' dir='ltr'><strong>quae</strong></span> <span class='ocrx_word' id='word_1_130' title='bbox 696 2644 836 2711; x_wconf 88' lang='lat' dir='ltr'><strong>candida</strong></span> <span class='ocrx_word' id='word_1_131' title='bbox 858 2645 965 2710; x_wconf 86' lang='lat' dir='ltr'><strong>sidera</strong></span> <span class='ocrx_word' id='word_1_132' title='bbox 987 2650 1110 2709; x_wconf 87' lang='lat' dir='ltr'><strong>verset:</strong></span> 
     </span>
     <span class='ocr_line' id='line_1_21' title="bbox 291 2759 1171 2844; baseline 0.001 -22"><span class='ocrx_word' id='word_1_133' title='bbox 291 2765 424 2844; x_wconf 89' lang='lat' dir='ltr'><strong>temptat</strong></span> <span class='ocrx_word' id='word_1_134' title='bbox 446 2760 529 2824; x_wconf 93' lang='lat' dir='ltr'><strong>enim</strong></span> <span class='ocrx_word' id='word_1_135' title='bbox 554 2759 682 2824; x_wconf 92' lang='lat' dir='ltr'><strong>dubiam</strong></span> <span class='ocrx_word' id='word_1_136' title='bbox 706 2768 845 2825; x_wconf 86' lang='lat' dir='ltr'><strong>mentem</strong></span> <span class='ocrx_word' id='word_1_137' title='bbox 867 2759 999 2823; x_wconf 88' lang='lat' dir='ltr'><strong>rationis</strong></span> <span class='ocrx_word' id='word_1_138' title='bbox 1022 2765 1171 2842; x_wconf 87' lang='lat' dir='ltr'><strong>egestas,</strong></span> 
     </span>
     <span class='ocr_line' id='line_1_22' title="bbox 293 2873 1070 2957; baseline -0.001 -21"><span class='ocrx_word' id='word_1_139' title='bbox 293 2892 413 2956; x_wconf 86' lang='lat' dir='ltr'><strong>ecquae</strong></span> <span class='ocrx_word' id='word_1_140' title='bbox 436 2893 509 2938; x_wconf 89' lang='lat' dir='ltr'><strong>nam</strong></span> <span class='ocrx_word' id='word_1_141' title='bbox 534 2873 630 2937; x_wconf 90' lang='lat' dir='ltr'><strong>fuerit</strong></span> <span class='ocrx_word' id='word_1_142' title='bbox 652 2873 763 2936; x_wconf 91' lang='lat' dir='ltr'><strong>mundi</strong></span> <span class='ocrx_word' id='word_1_143' title='bbox 787 2874 937 2954; x_wconf 90' lang='lat' dir='ltr'><strong>genitalis</strong></span> <span class='ocrx_word' id='word_1_144' title='bbox 960 2873 1070 2957; x_wconf 84' lang='lat' dir='ltr'><strong>origo,</strong></span> 
     </span>
     <span class='ocr_line' id='line_1_23' title="bbox 293 2987 1207 3072; baseline 0 -20"><span class='ocrx_word' id='word_1_145' title='bbox 293 2994 324 3052; x_wconf 91' lang='lat' dir='ltr'><strong>et</strong></span> <span class='ocrx_word' id='word_1_146' title='bbox 345 2988 438 3052; x_wconf 91' lang='lat' dir='ltr'><strong>simul</strong></span> <span class='ocrx_word' id='word_1_147' title='bbox 461 3006 581 3070; x_wconf 91' lang='lat' dir='ltr'><strong>ecquae</strong></span> <span class='ocrx_word' id='word_1_148' title='bbox 604 2987 644 3052; x_wconf 92' lang='lat' dir='ltr'><strong>sit</strong></span> <span class='ocrx_word' id='word_1_149' title='bbox 666 2987 758 3072; x_wconf 86' lang='lat' dir='ltr'><strong>finis,</strong></span> <span class='ocrx_word' id='word_1_150' title='bbox 777 3009 839 3070; x_wconf 93' lang='lat' dir='ltr'><strong>quo</strong></span> <span class='ocrx_word' id='word_1_151' title='bbox 864 2989 907 3052; x_wconf 91' lang='lat' dir='ltr'><strong>ad</strong></span> <span class='ocrx_word' id='word_1_152' title='bbox 929 2990 1057 3056; x_wconf 88' lang='lat' dir='ltr'><strong>moenia</strong></span> <span class='ocrx_word' id='word_1_153' title='bbox 1080 2989 1207 3072; x_wconf 30' lang='lat' dir='ltr'><strong>mundi,</strong></span> 
     </span>
     <span class='ocr_line' id='line_1_24' title="bbox 290 3101 1088 3186; baseline 0 -19"><span class='ocrx_word' id='word_1_154' title='bbox 290 3101 418 3167; x_wconf 90' lang='lat' dir='ltr'><strong>solliciti</strong></span> <span class='ocrx_word' id='word_1_155' title='bbox 439 3109 543 3166; x_wconf 89' lang='lat' dir='ltr'><strong>motus</strong></span> <span class='ocrx_word' id='word_1_156' title='bbox 565 3101 648 3167; x_wconf 89' lang='lat' dir='ltr'><strong>hunc</strong></span> <span class='ocrx_word' id='word_1_157' title='bbox 670 3104 794 3186; x_wconf 88' lang='lat' dir='ltr'><strong>possint</strong></span> <span class='ocrx_word' id='word_1_158' title='bbox 816 3104 900 3170; x_wconf 87' lang='lat' dir='ltr'><strong>ferre</strong></span> <span class='ocrx_word' id='word_1_159' title='bbox 922 3105 1088 3181; x_wconf 84' lang='lat' dir='ltr'><strong>laborem,</strong></span> 
     </span>
    </p>

    <p class='ocr_par' dir='ltr' id='par_1_7' title="bbox 160 3216 934 3286">
     <span class='ocr_line' id='line_1_25' title="bbox 160 3216 934 3286; baseline 0.001 -3"><span class='ocrx_word' id='word_1_160' title='bbox 160 3222 162 3228; x_wconf 81' lang='grc'>’</span> <span class='ocrx_word' id='word_1_161' title='bbox 210 3237 275 3283; x_wconf 79' lang='grc'>1010</span> <span class='ocrx_word' id='word_1_162' title='bbox 293 3236 334 3281; x_wconf 88' lang='grc'><strong>00</strong></span> <span class='ocrx_word' id='word_1_163' title='bbox 357 3216 508 3282; x_wconf 85' lang='lat' dir='ltr'><strong>divinitus</strong></span> <span class='ocrx_word' id='word_1_164' title='bbox 532 3224 665 3282; x_wconf 91' lang='lat' dir='ltr'><strong>aeterna</strong></span> <span class='ocrx_word' id='word_1_165' title='bbox 687 3218 807 3283; x_wconf 89' lang='lat' dir='ltr'><strong>donata</strong></span> <span class='ocrx_word' id='word_1_166' title='bbox 829 3220 934 3286; x_wconf 89' lang='lat' dir='ltr'><strong>salute</strong></span> 
     </span>
    </p>

    <p class='ocr_par' dir='ltr' id='par_1_8' title="bbox 207 3333 1178 3762">
     <span class='ocr_line' id='line_1_26' title="bbox 207 3333 977 3416; baseline -0.001 -18"><span class='ocrx_word' id='word_1_167' title='bbox 207 3381 211 3386; x_wconf 89' lang='lat'>-</span> <span class='ocrx_word' id='word_1_168' title='bbox 291 3337 445 3416; x_wconf 90' lang='lat' dir='ltr'><strong>perpetuo</strong></span> <span class='ocrx_word' id='word_1_169' title='bbox 468 3333 592 3416; x_wconf 91' lang='lat' dir='ltr'><strong>possint</strong></span> <span class='ocrx_word' id='word_1_170' title='bbox 615 3334 685 3398; x_wconf 88' lang='lat' dir='ltr'><strong>aevi</strong></span> <span class='ocrx_word' id='word_1_171' title='bbox 710 3335 853 3399; x_wconf 90' lang='lat' dir='ltr'><strong>labentia</strong></span> <span class='ocrx_word' id='word_1_172' title='bbox 875 3341 977 3399; x_wconf 88' lang='lat' dir='ltr'><strong>tractu</strong></span> 
     </span>
     <span class='ocr_line' id='line_1_27' title="bbox 289 3447 1010 3515; baseline 0.003 -5"><span class='ocrx_word' id='word_1_173' title='bbox 289 3447 422 3512; x_wconf 90' lang='lat' dir='ltr'><strong>inmensi</strong></span> <span class='ocrx_word' id='word_1_174' title='bbox 446 3447 570 3512; x_wconf 91' lang='lat' dir='ltr'><strong>validas</strong></span> <span class='ocrx_word' id='word_1_175' title='bbox 594 3449 665 3513; x_wconf 89' lang='lat' dir='ltr'><strong>aevi</strong></span> <span class='ocrx_word' id='word_1_176' title='bbox 689 3457 892 3515; x_wconf 90' lang='lat' dir='ltr'><strong>contemnere</strong></span> <span class='ocrx_word' id='word_1_177' title='bbox 915 3450 1010 3512; x_wconf 90' lang='lat' dir='ltr'><strong>viris.</strong></span> 
     </span>
     <span class='ocr_line' id='line_1_28' title="bbox 289 3563 1085 3647; baseline 0.001 -22"><span class='ocrx_word' id='word_1_178' title='bbox 289 3569 456 3647; x_wconf 86' lang='lat' dir='ltr'><strong>praeterea</strong></span> <span class='ocrx_word' id='word_1_179' title='bbox 479 3563 527 3626; x_wconf 89' lang='lat' dir='ltr'><strong>cui</strong></span> <span class='ocrx_word' id='word_1_180' title='bbox 551 3584 613 3628; x_wconf 91' lang='lat' dir='ltr'><strong>non</strong></span> <span class='ocrx_word' id='word_1_181' title='bbox 638 3564 762 3628; x_wconf 85' lang='lat' dir='ltr'><strong>animus</strong></span> <span class='ocrx_word' id='word_1_182' title='bbox 785 3565 954 3628; x_wconf 85' lang='lat' dir='ltr'><strong>tormidine</strong></span> <span class='ocrx_word' id='word_1_183' title='bbox 977 3563 1085 3627; x_wconf 90' lang='lat' dir='ltr'><strong>divum</strong></span> 
     </span>
     <span class='ocr_line' id='line_1_29' title="bbox 290 3675 1178 3762; baseline 0 -20"><span class='ocrx_word' id='word_1_184' title='bbox 290 3675 503 3754; x_wconf 88' lang='lat' dir='ltr'><strong>contrahitur,</strong></span> <span class='ocrx_word' id='word_1_185' title='bbox 521 3679 570 3744; x_wconf 89' lang='lat' dir='ltr'><strong>cui</strong></span> <span class='ocrx_word' id='word_1_186' title='bbox 583 3685 658 3744; x_wconf 83' lang='lat' dir='ltr'><strong>&#39;non</strong></span> <span class='ocrx_word' id='word_1_187' title='bbox 680 3684 850 3762; x_wconf 90' lang='lat' dir='ltr'><strong>correpunt</strong></span> <span class='ocrx_word' id='word_1_188' title='bbox 874 3680 1017 3743; x_wconf 90' lang='lat' dir='ltr'><strong>membra</strong></span> <span class='ocrx_word' id='word_1_189' title='bbox 1040 3697 1178 3762; x_wconf 82' lang='lat' dir='ltr'><strong>parcre,</strong></span> 
     </span>
    </p>

    <p class='ocr_par' dir='ltr' id='par_1_9' title="bbox 208 3792 1249 4108">
     <span class='ocr_line' id='line_1_30' title="bbox 208 3792 1074 3876; baseline -0.003 -16"><span class='ocrx_word' id='word_1_190' title='bbox 208 3813 275 3860; x_wconf 81' lang='lat' dir='ltr'><strong>mac</strong></span> <span class='ocrx_word' id='word_1_191' title='bbox 290 3792 433 3858; x_wconf 88' lang='lat' dir='ltr'><strong>fulminis</strong></span> <span class='ocrx_word' id='word_1_192' title='bbox 457 3793 598 3857; x_wconf 90' lang='lat' dir='ltr'><strong>horribili</strong></span> <span class='ocrx_word' id='word_1_193' title='bbox 622 3813 691 3857; x_wconf 89' lang='lat' dir='ltr'><strong>cum</strong></span> <span class='ocrx_word' id='word_1_194' title='bbox 715 3793 812 3876; x_wconf 86' lang='lat' dir='ltr'><strong>plaga</strong></span> <span class='ocrx_word' id='word_1_195' title='bbox 835 3793 957 3858; x_wconf 88' lang='lat' dir='ltr'><strong>torrida</strong></span> <span class='ocrx_word' id='word_1_196' title='bbox 978 3792 1074 3858; x_wconf 92' lang='lat' dir='ltr'><strong>tellus</strong></span> 
     </span>
     <span class='ocr_line' id='line_1_31' title="bbox 290 3907 1249 3992; baseline -0.001 -20"><span class='ocrx_word' id='word_1_197' title='bbox 290 3907 455 3972; x_wconf 82' lang='lat' dir='ltr'><strong>contremit</strong></span> <span class='ocrx_word' id='word_1_198' title='bbox 478 3914 509 3972; x_wconf 89' lang='lat' dir='ltr'><strong>et</strong></span> <span class='ocrx_word' id='word_1_199' title='bbox 531 3929 678 3992; x_wconf 85' lang='lat' dir='ltr'><strong>magnum</strong></span> <span class='ocrx_word' id='word_1_200' title='bbox 703 3913 890 3992; x_wconf 89' lang='lat' dir='ltr'><strong>percurrunt</strong></span> <span class='ocrx_word' id='word_1_201' title='bbox 911 3927 1074 3972; x_wconf 88' lang='lat' dir='ltr'><strong>murmura</strong></span> <span class='ocrx_word' id='word_1_202' title='bbox 1097 3907 1249 3972; x_wconf 80' lang='lat' dir='ltr'><strong>caelum?</strong></span> 
     </span>
     <span class='ocr_line' id='line_1_32' title="bbox 290 4023 1199 4108; baseline 0 -22"><span class='ocrx_word' id='word_1_203' title='bbox 290 4043 354 4088; x_wconf 94' lang='lat' dir='ltr'><strong>non</strong></span> <span class='ocrx_word' id='word_1_204' title='bbox 377 4023 489 4108; x_wconf 93' lang='lat' dir='ltr'><strong>populi</strong></span> <span class='ocrx_word' id='word_1_205' title='bbox 511 4031 690 4107; x_wconf 85' lang='lat' dir='ltr'><strong>gentesque</strong></span> <span class='ocrx_word' id='word_1_206' title='bbox 713 4032 870 4108; x_wconf 87' lang='lat' dir='ltr'><strong>tremunt,</strong></span> <span class='ocrx_word' id='word_1_207' title='bbox 889 4042 1047 4108; x_wconf 84' lang='lat' dir='ltr'><strong>regesque</strong></span> <span class='ocrx_word' id='word_1_208' title='bbox 1069 4023 1199 4108; x_wconf 90' lang='lat' dir='ltr'><strong>superbi</strong></span> 
     </span>
    </p>
   </div>
   <div class='ocr_carea' id='block_1_3' title="bbox 293 4295 1414 4454">
    <p class='ocr_par' dir='ltr' id='par_1_10' title="bbox 293 4295 1414 4454">
     <span class='ocr_line' id='line_1_33' title="bbox 294 4295 1414 4368; baseline 0.005 -24"><span class='ocrx_word' id='word_1_209' title='bbox 294 4299 360 4346; x_wconf 88' lang='grc'>1192</span> <span class='ocrx_word' id='word_1_210' title='bbox 380 4297 485 4347; x_wconf 87' lang='lat' dir='ltr'><strong>flumina</strong></span> <span class='ocrx_word' id='word_1_211' title='bbox 505 4295 519 4365; x_wconf 97' lang='grc'><strong>11</strong></span> <span class='ocrx_word' id='word_1_212' title='bbox 542 4301 675 4348; x_wconf 87' lang='grc'>11980110</span> <span class='ocrx_word' id='word_1_213' title='bbox 692 4299 826 4349; x_wconf 85' lang='lat' dir='ltr'><strong>velatumst</strong></span> <span class='ocrx_word' id='word_1_214' title='bbox 845 4298 857 4365; x_wconf 91' lang='grc'><strong>11</strong></span> <span class='ocrx_word' id='word_1_215' title='bbox 881 4301 946 4347; x_wconf 84' lang='grc'>1203</span> <span class='ocrx_word' id='word_1_216' title='bbox 966 4299 1067 4362; x_wconf 85' lang='lat' dir='ltr'><strong>placata</strong></span> <span class='ocrx_word' id='word_1_217' title='bbox 1088 4295 1101 4365; x_wconf 96' lang='grc'><strong>11</strong></span> <span class='ocrx_word' id='word_1_218' title='bbox 1124 4300 1189 4346; x_wconf 83' lang='grc'>1208</span> <span class='ocrx_word' id='word_1_219' title='bbox 1209 4300 1291 4363; x_wconf 88' lang='lat' dir='ltr'><strong>eriger</strong></span> <span class='ocrx_word' id='word_1_220' title='bbox 1311 4298 1324 4368; x_wconf 97' lang='grc'><strong>11</strong></span> <span class='ocrx_word' id='word_1_221' title='bbox 1347 4303 1414 4350; x_wconf 84' lang='grc'>1214</span> 
     </span>
     <span class='ocr_line' id='line_1_34' title="bbox 293 4381 940 4454; baseline 0.008 -24"><span class='ocrx_word' id='word_1_222' title='bbox 293 4383 325 4432; x_wconf 85' lang='lat' dir='ltr'><strong>Et</strong></span> <span class='ocrx_word' id='word_1_223' title='bbox 343 4385 414 4433; x_wconf 86' lang='lat' dir='ltr'><strong>taciti</strong></span> <span class='ocrx_word' id='word_1_224' title='bbox 434 4381 448 4452; x_wconf 96' lang='grc'><strong>11</strong></span> <span class='ocrx_word' id='word_1_225' title='bbox 471 4388 538 4434; x_wconf 88' lang='grc'>1220</span> <span class='ocrx_word' id='word_1_226' title='bbox 558 4387 669 4435; x_wconf 79' lang='lat' dir='ltr'><strong>Fulmini</strong></span> <span class='ocrx_word' id='word_1_227' title='bbox 691 4383 704 4454; x_wconf 97' lang='grc'><strong>11</strong></span> <span class='ocrx_word' id='word_1_228' title='bbox 728 4389 791 4435; x_wconf 88' lang='grc'>1221</span> <span class='ocrx_word' id='word_1_229' title='bbox 812 4402 940 4435; x_wconf 89' lang='lat' dir='ltr'><strong>murmure</strong></span> 
     </span>
    </p>
   </div>
   <div class='ocr_carea' id='block_1_4' title="bbox 0 0 1574 5032">
    <p class='ocr_par' dir='ltr' id='par_1_11' title="bbox 0 0 1574 5032">
     <span class='ocr_line' id='line_1_35' title="bbox 0 0 1574 5032; baseline 0 2"><span class='ocrx_word' id='word_1_230' title='bbox 0 0 1574 5032; x_wconf 95' lang='lat' dir='ltr'><strong> </strong></span> 
     </span>
    </p>
   </div>
  </div>
 </body>
</html>
