3140 5032
709 359 753 424 VI

170 536 349 619 oonspioias
372 535 529 616 hominia,
546 533 581 596 fit
602 537 637 597 ut
659 531 761 604 omnis
785 530 889 594 dioere
913 535 1028 595 oaudas

169 652 338 716 eonveniat
359 650 435 726 leti,
453 649 575 713 dieatur
598 652 632 710 ut
653 645 740 710 illius
763 666 848 709 una:

169 743 244 833 nain
266 783 373 846 neque
397 783 468 828 eum
492 761 577 828 ferro
600 782 660 827 neo
682 761 800 845 frigore
823 759 951 825 vincere
973 758 1079 842 possis

170 879 329 945 interiisse
353 898 457 960 neque
481 899 500 942 a
522 879 631 942 morbo
655 896 758 958 neque
781 875 863 968 forto
884 893 1030 950 veneno,

96 1015 146 1060 770
171 1013 283 1059 vorum
306 993 429 1074 aliquid
452 1012 572 1078 genere
594 1011 665 1058 esse
689 1012 730 1056 ex
753 992 813 1055 hoo
836 990 919 1072 quod
944 988 1074 1072 eontigit
1097 988 1125 1052 ei

170 1109 308 1174 seimus.
325 1109 398 1172 item
421 1109 453 1171 in
476 1109 584 1173 multis
607 1107 668 1171 hoo
691 1107 787 1172 rebus
811 1105 917 1170 dinero
940 1105 1116 1169 habemus.

210 1223 302 1288 Nilus
326 1223 358 1286 in
382 1229 535 1289 aestatem
561 1222 674 1288 oresoit
697 1221 883 1305 campisque
906 1219 1081 1301 redundat,
1167 1277 1169 1281 .

170 1338 283 1402 unious
304 1338 337 1401 in
360 1337 454 1402 terris
476 1339 614 1422 Aegypti
637 1337 733 1402 totius
757 1337 881 1400 amnis.

170 1453 198 1516 is
221 1453 305 1534 rigat
328 1455 510 1537 Aegyptum
533 1454 673 1518 medium
694 1472 752 1536 per
774 1469 872 1534 saepe
896 1450 1054 1522 calorem,

97 1587 146 1633 715
173 1575 228 1631 aut
251 1567 326 1648 quia
349 1575 422 1631 sunt
443 1575 567 1633 aestate
591 1569 757 1651 aquilones
781 1566 863 1631 ostia
887 1571 1017 1639 eontra,

171 1681 247 1745 anni
271 1686 413 1766 tempore
437 1703 474 1746 eo
499 1683 552 1765 qui
576 1683 696 1747 etesiae
720 1701 791 1746 esse
814 1681 977 1756 feruntur,

172 1804 203 1858 ot
226 1803 335 1862 eontra
358 1796 486 1860 fluvium
509 1796 623 1861 flantes
645 1802 846 1861 remorantur
869 1802 900 1858 et
922 1794 1026 1857 undas

174 1917 326 1994 eogentes
349 1932 459 1977 sursus
480 1913 605 1999 repient
628 1918 810 1996 coguntque
832 1929 983 1975 manere.

175 2045 248 2088 nam
272 2025 367 2113 dubio
391 2029 504 2113 prooul
526 2029 606 2091 haee
630 2029 767 2091 adverso
790 2026 892 2090 flabra
914 2025 1056 2092 feruntur

98 2157 148 2205 700
175 2137 324 2218 flumine,
343 2163 425 2222 quae
449 2142 565 2225 gelidis
588 2143 628 2206 ab
653 2142 752 2206 stellis
776 2141 845 2206 anis
868 2147 1025 2223 aguntur:

173 2256 226 2320 iile
251 2277 291 2322 ex
314 2257 467 2322 aestifera
488 2257 569 2340 parti
592 2258 678 2324 venit
700 2257 802 2321 amnis
826 2257 867 2321 ab
891 2260 1020 2330 austro,

172 2371 255 2437 inter
278 2373 370 2457 nigra
392 2374 495 2437 virum
517 2380 666 2456 peroooto
690 2373 798 2438 saeola
821 2373 928 2437 oolore

175 2487 323 2553 exoriens
345 2489 471 2574 penitus
495 2488 602 2554 media
625 2489 666 2554 ab
690 2489 820 2574 regione
844 2487 927 2552 diei.

175 2607 223 2665 est
246 2622 371 2685 quoque
393 2604 437 2667 uti
459 2604 561 2689 possit
584 2623 720 2686 magnus
744 2609 913 2688 congestus
936 2603 1078 2665 harenae

100 2737 149 2783 725
172 2716 319 2783 fluetibus
343 2719 487 2785 adversis
512 2719 658 2804 oppilare
682 2721 765 2786 ostia
788 2725 919 2800 eontra,

173 2851 244 2896 oum
268 2854 356 2900 mare
379 2841 555 2919 permotum
578 2835 681 2899 ventis
704 2835 767 2897 ruit
790 2835 874 2897 intus
897 2833 1071 2906 lrarenam3

175 2967 237 3027 quo
260 2947 294 3010 fit
315 2948 360 3012 uti
382 2955 476 3032 paeto
500 2950 580 3015 liber
604 2949 707 3014 minus
731 2949 834 3013 exitus
857 2947 943 3012 amni

176 3066 207 3124 et
228 3062 377 3145 proclivis
399 3062 475 3126 item
498 3062 554 3126 fiat
576 3063 680 3128 minus
702 3063 839 3146 impetus
863 3061 977 3124 undis.

174 3175 208 3239 iit
232 3195 359 3258 quoque
382 3175 428 3240 uti
450 3176 599 3260 pluviae„
617 3175 748 3262 forsan,
766 3177 869 3260 magis
893 3177 935 3239 ad
959 3180 1054 3257 eaput
1078 3174 1106 3238 ei

100 3310 150 3357 730
176 3296 317 3375 tempore
341 3309 379 3354 eo
401 3289 499 3374 fiant,
517 3293 603 3374 quod
627 3292 729 3357 etesia
752 3292 853 3356 flabra
876 3291 1061 3372 aquilonum

176 3404 287 3469 nubila
310 3405 470 3469 coniciunt
493 3405 524 3467 in
550 3425 605 3470 ens
628 3413 703 3471 tuno
726 3407 834 3472 omnia
856 3406 976 3490 partis:

155 3519 377 3603 00111007,οἀ
399 3518 538 3584 mediam
562 3520 725 3601 regionem
750 3523 853 3586 eiecta
877 3520 941 3584 diei

176 3653 246 3698 oum
270 3639 507 3710 convenerunt,
523 3634 568 3698 ibi
590 3635 632 3698 ad
656 3637 738 3700 altos
761 3636 900 3718 denique
923 3635 1039 3700 montis

176 3752 345 3812 contrusae
367 3749 469 3813 nubes
494 3755 648 3832 eoguntur
671 3750 764 3832 vique
786 3756 991 3832 premuntur.

4 3893 7 3902 ·
100 3881 150 3928 730
176 3861 312 3926 forsitan
334 3861 527 3947 Aethiopum
550 3864 677 3947 penitus
700 3864 739 3928 de
761 3861 923 3926 montibus
945 3861 1019 3925 altis

181 4138 230 4185 708
250 4136 366 4198 Namque
391 4133 403 4205 ii
430 4139 479 4187 710
498 4135 589 4185 Utrum
607 4149 698 4199 genere
722 4135 819 4196 aliquid
845 4130 858 4200 ii
884 4131 1033 4180 eontioitel.
1059 4128 1072 4196 Η
1099 4132 1147 4178 710
1172 4131 1260 4180 etesire
1287 4128 1299 4198 Η

182 4227 230 4272 719
250 4225 331 4273 flabro
352 4222 364 4292 ΙΙ
387 4227 436 4274 723
456 4224 566 4272 Exorius
587 4222 599 4288 Η
623 4226 671 4271 726
692 4223 730 4270 rui
752 4220 765 4290 Η
787 4225 835 4270 727
856 4219 952 4270 amnia.
974 4219 986 4284 Η
1009 4219 1058 4266 730
1078 4233 1128 4278 quo
