3140 5036
615 367 617 372 ’
697 363 754 428 ΙΙΙΙ

163 539 396 598 commutantur
417 532 463 596 ibi
484 533 649 617 positurae
671 533 919 618 principiorum

163 653 198 712 ut
219 647 307 732 prius
330 648 373 712 ad
397 667 528 712 sensum
551 668 632 730 quae
655 668 789 732 corpora
812 648 1046 713 conveniebant

165 782 250 827 nunc
272 784 335 828 non
359 762 572 847 conveniant,
589 767 620 827 et
642 768 748 828 cetera
771 763 834 828 sint
855 765 960 846 magis
983 769 1078 848 apta,

89 901 139 948 ero
165 898 249 960 quae
270 883 441 962 penetrata
463 883 582 960 queunt
604 895 732 942 sensum
755 878 947 962 progignere
970 879 1140 944 acerbum.

89 1013 139 1062 ete
206 994 299 1057 Nunc
321 1012 403 1076 age,
421 1012 483 1073 quo
506 996 600 1074 pacto
623 992 711 1057 naris
733 992 878 1058 adiectus
902 993 1009 1058 odoris
1100 973 1106 984 ’

162 1109 276 1190 tangat
298 1127 415 1188 agam.
432 1105 567 1194 primurn
592 1125 643 1170 res
666 1107 781 1171 multas
804 1126 874 1172 esse
899 1113 1060 1172 necessest

89 1243 138 1292 ers
165 1221 250 1288 unde
272 1220 373 1286 fluens
395 1221 505 1286 volvat
525 1220 632 1285 uarius
656 1241 690 1286 se
712 1221 825 1286 fluetus
848 1222 1000 1306 odorum,

165 1343 196 1401 et
216 1336 314 1400 fluere
338 1340 370 1400 et
391 1335 469 1398 mitti
494 1335 588 1416 volgo
611 1337 785 1419 spargique
808 1337 1034 1420 putandumst:

163 1470 271 1516 verum
295 1449 367 1513 aliis
390 1449 473 1514 alius
494 1449 598 1530 magis
623 1456 671 1515 est
692 1451 908 1515 animantibus
930 1456 1044 1534 aptus,

164 1563 328 1630 dissimilis
350 1569 480 1648 propter
502 1563 643 1628 formas.
659 1564 796 1648 ideoque
819 1585 877 1650 per
899 1583 993 1629 auras

164 1678 268 1745 mellis
291 1697 370 1761 apes
394 1678 539 1759 quamvis
561 1679 657 1761 louge
680 1679 835 1744 ducuntur
859 1679 977 1763 odore,

89 1817 139 1863 eso
164 1792 353 1874 volturiique
376 1792 587 1857 cadaveribus
601 1817 607 1856 ε
623 1799 688 1877 tum
710 1793 788 1858 fissa
810 1793 947 1858 serarum

164 1907 286 1990 ungula
309 1926 371 1989 quo
393 1906 500 1972 tulerit
521 1922 665 1988 gressum
688 1907 845 1991 permissa
868 1928 982 1972 canum
1006 1909 1054 1974 vis

165 2021 260 2106 dicit,
278 2027 309 2086 et
330 2020 503 2085 humanum
526 2021 622 2103 longe
644 2022 820 2106 praesentit
843 2022 973 2088 odorem

168 2135 407 2200 Romulidarum
430 2135 513 2199 arcis
537 2142 699 2210 servator,
719 2135 874 2200 candidus
896 2157 1007 2202 anser.

112 2283 115 2287 ·
164 2251 210 2316 sio
232 2249 303 2314 aliis
326 2249 408 2314 alius
429 2248 523 2314 nidor
545 2249 636 2314 datus
659 2249 700 2313 ad
723 2270 782 2314 sua
806 2269 965 2332 quemque

89 2387 139 2434 sss
165 2365 287 2450 pabula
309 2363 394 2428 ducit
417 2383 435 2428 e
458 2383 479 2427 a
501 2370 580 2429 tetro
603 2365 725 2430 resilire
748 2378 872 2430 veneno
1061 2353 1062 2358 ἵ

166 2479 250 2563 cogit
263 2497 389 2559 ‚eoque
411 2478 505 2544 modo
530 2485 696 2544 servantur
719 2481 829 2545 saecla
851 2480 1009 2545 ferarum.

141 2605 144 2609 '
205 2593 264 2658 Hic
288 2593 366 2656 odor
388 2592 458 2675 ipse
481 2593 596 2678 igitur,
613 2595 698 2660 naris
722 2595 775 2676 qui
798 2615 933 2676 cumque
955 2593 1104 2670 lacessit,

165 2718 213 2778 est
235 2712 300 2777 aiio
323 2717 357 2776 ut
377 2710 479 2795 possit
499 2708 637 2793 permitti
660 2709 785 2794 longius
809 2710 910 2774 aiter:

166 2827 222 2890 sed
244 2831 352 2890 tamen
373 2824 460 2888 haud
484 2824 650 2906 quisquam
673 2829 739 2888 tam
762 2825 857 2908 louge
879 2823 979 2889 fertur
1001 2843 1110 2888 eorum

89 2960 140 3008 ese
167 2960 263 3022 quam
287 2940 427 3023 sonitus,
445 2959 541 3020 quam
564 2959 646 3021 vox,
663 2938 750 3003 mitto
773 2939 838 3004 iam
861 2939 965 3004 dicere
987 2959 1084 3020 quam
1105 2957 1158 3002 res

167 3074 251 3137 quae
273 3054 393 3120 feriunt
415 3053 579 3120 oculorum
603 3052 689 3116 acies
711 3052 877 3134 visumque
898 3053 1080 3117 lacessunt.

167 3169 366 3234 errabundus
389 3167 473 3234 euim
495 3165 585 3230 tarde
608 3165 713 3249 venit,
731 3185 770 3229 ao
792 3166 874 3249 perit
895 3173 969 3230 ante

164 3282 322 3368 paulatim
345 3281 449 3346 facilis
472 3281 640 3346 distractus
663 3280 696 3344 in
719 3279 802 3344 aeris
826 3300 942 3363 auras;

164 3417 205 3462 ex
227 3397 291 3462 aito
314 3396 449 3480 primum
474 3395 548 3478 quia
569 3396 621 3460 vix
646 3394 797 3460 emittitur
819 3414 860 3460 ex
881 3415 936 3461 re:

88 3531 140 3579 ees
166 3531 240 3576 nam
264 3511 391 3595 penitus
413 3511 512 3576 flucre
534 3516 629 3592 atque
651 3509 801 3574 recedere
824 3511 919 3576 rebus
942 3509 1057 3576 odores

166 3623 325 3706 significat
347 3623 434 3707 quod
455 3623 560 3690 fracta
582 3625 685 3708 magis
708 3625 853 3708 redolere
875 3625 1040 3691 videntur·

166 3739 292 3824 omnia,
310 3739 395 3821 quod
418 3739 571 3822 contrita,
588 3738 675 3820 quod
696 3740 762 3824 igni
785 3739 1028 3806 conlabefacta:

166 3851 284 3917 deinde
305 3852 415 3918 videre
437 3853 513 3918 licet
533 3853 709 3918 maioribus
733 3873 804 3919 esse
827 3859 966 3920 creatum

164 3965 329 4051 principiis
352 3985 447 4047 quarn
469 3987 551 4050 vox,
569 3965 719 4048 quoniam
740 3986 797 4049 per
819 3984 920 4030 saxea
942 3970 1055 4048 saepta
1141 3949 1142 3952 ¹

171 4233 221 4280 668
239 4232 282 4280 Fit
302 4229 315 4298 ii
337 4235 385 4280 677
406 4232 471 4280 alius
490 4239 514 4280 et
531 4228 552 4298 Η
577 4233 627 4280 680
647 4229 799 4292 Volturique
820 4226 832 4298 Η
853 4233 900 4280 681
921 4230 1045 4294 promissa
1064 4227 1077 4298 ii
1104 4233 1152 4279 682
1172 4229 1251 4278 Ducit
1272 4226 1285 4298 Η

170 4320 219 4366 696
239 4319 355 4367 redolore
376 4315 388 4385 Η
409 4321 459 4368 698
478 4325 606 4368 creatam.
