<?xml version="1.0" encoding="UTF-8"?>
<!DOCTYPE html PUBLIC "-//W3C//DTD XHTML 1.0 Transitional//EN"
    "http://www.w3.org/TR/xhtml1/DTD/xhtml1-transitional.dtd">
<html xmlns="http://www.w3.org/1999/xhtml" xml:lang="en" lang="en">
 <head>
  <title>
</title>
<meta http-equiv="Content-Type" content="text/html;charset=utf-8" />
  <meta name='ocr-system' content='tesseract 3.04.00' />
  <meta name='ocr-capabilities' content='ocr_page ocr_carea ocr_par ocr_line ocrx_word'/>
</head>
<body>
  <div class='ocr_page' id='page_1' title='image "./tlucreticarider25carugoog_0109.png"; bbox 0 0 3140 5036; ppageno 0'>
   <div class='ocr_carea' id='block_1_1' title="bbox 276 403 856 474">
    <p class='ocr_par' dir='ltr' id='par_1_1' title="bbox 276 403 856 474">
     <span class='ocr_line' id='line_1_1' title="bbox 276 403 856 474; baseline -0.012 -3"><span class='ocrx_word' id='word_1_1' title='bbox 276 409 335 474; x_wconf 79' lang='lat'>102</span> <span class='ocrx_word' id='word_1_2' title='bbox 813 403 856 464; x_wconf 90' lang='lat'>111</span> 
     </span>
    </p>
   </div>
   <div class='ocr_carea' id='block_1_2' title="bbox 881 495 887 526">
    <p class='ocr_par' dir='ltr' id='par_1_2' title="bbox 881 495 887 526">
     <span class='ocr_line' id='line_1_2' title="bbox 881 495 887 526; baseline 0 0"><span class='ocrx_word' id='word_1_3' title='bbox 881 495 887 526; x_wconf 84' lang='lat' dir='ltr'>i</span> 
     </span>
    </p>
   </div>
   <div class='ocr_carea' id='block_1_3' title="bbox 198 569 1265 4091">
    <p class='ocr_par' dir='ltr' id='par_1_3' title="bbox 198 569 1136 1114">
     <span class='ocr_line' id='line_1_3' title="bbox 198 569 1099 658; baseline -0.009 -16"><span class='ocrx_word' id='word_1_4' title='bbox 198 596 248 643; x_wconf 84' lang='grc'>555</span> <span class='ocrx_word' id='word_1_5' title='bbox 273 594 353 658; x_wconf 87' lang='lat' dir='ltr'>nec,</span> <span class='ocrx_word' id='word_1_6' title='bbox 370 579 433 637; x_wconf 89' lang='lat' dir='ltr'>tam</span> <span class='ocrx_word' id='word_1_7' title='bbox 457 577 624 638; x_wconf 76' lang='lat' dir='ltr'>contextae</span> <span class='ocrx_word' id='word_1_8' title='bbox 648 592 716 636; x_wconf 92' lang='lat' dir='ltr'>cum</span> <span class='ocrx_word' id='word_1_9' title='bbox 741 572 822 655; x_wconf 88' lang='lat' dir='ltr'>sint,</span> <span class='ocrx_word' id='word_1_10' title='bbox 841 571 929 636; x_wconf 89' lang='lat' dir='ltr'>exire</span> <span class='ocrx_word' id='word_1_11' title='bbox 951 569 1099 635; x_wconf 91' lang='lat' dir='ltr'>videntur</span> 
     </span>
     <span class='ocr_line' id='line_1_4' title="bbox 274 686 1035 772; baseline -0.003 -20"><span class='ocrx_word' id='word_1_12' title='bbox 274 689 449 753; x_wconf 78' lang='lat' dir='ltr'><strong>incolumes</strong></span> <span class='ocrx_word' id='word_1_13' title='bbox 470 707 566 772; x_wconf 88' lang='lat' dir='ltr'>posse</span> <span class='ocrx_word' id='word_1_14' title='bbox 590 693 621 751; x_wconf 93' lang='lat' dir='ltr'>et</span> <span class='ocrx_word' id='word_1_15' title='bbox 643 687 751 752; x_wconf 87' lang='lat' dir='ltr'>salvas</span> <span class='ocrx_word' id='word_1_16' title='bbox 775 686 941 750; x_wconf 89' lang='lat' dir='ltr'>exsolvere</span> <span class='ocrx_word' id='word_1_17' title='bbox 963 705 1035 750; x_wconf 87' lang='lat' dir='ltr'>sese</span> 
     </span>
     <span class='ocr_line' id='line_1_5' title="bbox 275 799 1110 881; baseline -0.007 -13"><span class='ocrx_word' id='word_1_18' title='bbox 275 803 421 868; x_wconf 89' lang='lat' dir='ltr'>omnibus</span> <span class='ocrx_word' id='word_1_19' title='bbox 445 802 589 866; x_wconf 86' lang='lat' dir='ltr'>enervis</span> <span class='ocrx_word' id='word_1_20' title='bbox 612 807 710 881; x_wconf 87' lang='lat' dir='ltr'>atque</span> <span class='ocrx_word' id='word_1_21' title='bbox 735 801 861 866; x_wconf 90' lang='lat' dir='ltr'>ossibus</span> <span class='ocrx_word' id='word_1_22' title='bbox 883 799 1110 881; x_wconf 78' lang='lat' dir='ltr'><strong>articulisque.</strong></span> 
     </span>
     <span class='ocr_line' id='line_1_6' title="bbox 275 913 1066 999; baseline -0.006 -18"><span class='ocrx_word' id='word_1_23' title='bbox 275 915 409 999; x_wconf 90' lang='lat' dir='ltr'>quodsi</span> <span class='ocrx_word' id='word_1_24' title='bbox 431 914 514 980; x_wconf 86' lang='lat' dir='ltr'>forte</span> <span class='ocrx_word' id='word_1_25' title='bbox 536 921 631 998; x_wconf 90' lang='lat' dir='ltr'>putas</span> <span class='ocrx_word' id='word_1_26' title='bbox 654 915 851 980; x_wconf 88' lang='lat' dir='ltr'>extrinsecus</span> <span class='ocrx_word' id='word_1_27' title='bbox 873 913 1066 978; x_wconf 84' lang='lat' dir='ltr'>insinuatam</span> 
     </span>
     <span class='ocr_line' id='line_1_7' title="bbox 273 1028 1136 1114; baseline 0.001 -20"><span class='ocrx_word' id='word_1_28' title='bbox 273 1048 464 1114; x_wconf 82' lang='lat' dir='ltr'>permanare</span> <span class='ocrx_word' id='word_1_29' title='bbox 488 1029 629 1093; x_wconf 89' lang='lat' dir='ltr'>animam</span> <span class='ocrx_word' id='word_1_30' title='bbox 651 1030 744 1094; x_wconf 91' lang='lat' dir='ltr'>nobis</span> <span class='ocrx_word' id='word_1_31' title='bbox 767 1049 825 1113; x_wconf 91' lang='lat' dir='ltr'>per</span> <span class='ocrx_word' id='word_1_32' title='bbox 846 1028 989 1091; x_wconf 87' lang='lat' dir='ltr'>membra</span> <span class='ocrx_word' id='word_1_33' title='bbox 1012 1030 1136 1114; x_wconf 85' lang='lat' dir='ltr'>solere,</span> 
     </span>
    </p>

    <p class='ocr_par' dir='ltr' id='par_1_4' title="bbox 201 1142 1265 1682">
     <span class='ocr_line' id='line_1_8' title="bbox 201 1142 1131 1227; baseline -0.004 -17"><span class='ocrx_word' id='word_1_34' title='bbox 201 1166 250 1212; x_wconf 79' lang='lat' dir='ltr'>ruo</span> <span class='ocrx_word' id='word_1_35' title='bbox 275 1151 362 1208; x_wconf 87' lang='lat' dir='ltr'>tanto</span> <span class='ocrx_word' id='word_1_36' title='bbox 387 1144 505 1225; x_wconf 90' lang='lat' dir='ltr'>quique</span> <span class='ocrx_word' id='word_1_37' title='bbox 528 1145 630 1227; x_wconf 86' lang='lat' dir='ltr'>magis</span> <span class='ocrx_word' id='word_1_38' title='bbox 653 1164 723 1208; x_wconf 91' lang='lat' dir='ltr'>cum</span> <span class='ocrx_word' id='word_1_39' title='bbox 746 1163 878 1226; x_wconf 91' lang='lat' dir='ltr'>corpore</span> <span class='ocrx_word' id='word_1_40' title='bbox 901 1142 973 1207; x_wconf 87' lang='lat' dir='ltr'>fusa</span> <span class='ocrx_word' id='word_1_41' title='bbox 994 1143 1131 1226; x_wconf 86' lang='lat' dir='ltr'>peribit:</span> 
     </span>
     <span class='ocr_line' id='line_1_9' title="bbox 277 1257 1128 1342; baseline -0.002 -20"><span class='ocrx_word' id='word_1_42' title='bbox 277 1257 362 1340; x_wconf 90' lang='lat' dir='ltr'>quod</span> <span class='ocrx_word' id='word_1_43' title='bbox 387 1264 554 1340; x_wconf 88' lang='lat' dir='ltr'>permanat</span> <span class='ocrx_word' id='word_1_44' title='bbox 576 1259 660 1323; x_wconf 90' lang='lat' dir='ltr'>enirn</span> <span class='ocrx_word' id='word_1_45' title='bbox 684 1257 887 1332; x_wconf 81' lang='lat' dir='ltr'>dissolvitur,</span> <span class='ocrx_word' id='word_1_46' title='bbox 903 1257 1011 1322; x_wconf 91' lang='lat' dir='ltr'>interit</span> <span class='ocrx_word' id='word_1_47' title='bbox 1033 1277 1128 1342; x_wconf 81' lang='lat' dir='ltr'>ergo.</span> 
     </span>
     <span class='ocr_line' id='line_1_10' title="bbox 275 1371 1070 1457; baseline 0.001 -22"><span class='ocrx_word' id='word_1_48' title='bbox 275 1371 459 1456; x_wconf 88' lang='lat' dir='ltr'>dispertitus</span> <span class='ocrx_word' id='word_1_49' title='bbox 483 1373 567 1436; x_wconf 90' lang='lat' dir='ltr'>enirn</span> <span class='ocrx_word' id='word_1_50' title='bbox 588 1392 647 1457; x_wconf 92' lang='lat' dir='ltr'>per</span> <span class='ocrx_word' id='word_1_51' title='bbox 669 1372 779 1436; x_wconf 89' lang='lat' dir='ltr'>caulas</span> <span class='ocrx_word' id='word_1_52' title='bbox 802 1371 944 1454; x_wconf 91' lang='lat' dir='ltr'>corporis</span> <span class='ocrx_word' id='word_1_53' title='bbox 968 1371 1070 1436; x_wconf 90' lang='lat' dir='ltr'>ornnis</span> 
     </span>
     <span class='ocr_line' id='line_1_11' title="bbox 275 1484 1265 1570; baseline 0 -20"><span class='ocrx_word' id='word_1_54' title='bbox 275 1493 310 1550; x_wconf 93' lang='lat' dir='ltr'>ut</span> <span class='ocrx_word' id='word_1_55' title='bbox 332 1486 440 1570; x_wconf 88' lang='lat' dir='ltr'>cibus,</span> <span class='ocrx_word' id='word_1_56' title='bbox 456 1487 490 1549; x_wconf 92' lang='lat' dir='ltr'>in</span> <span class='ocrx_word' id='word_1_57' title='bbox 512 1487 653 1551; x_wconf 90' lang='lat' dir='ltr'>membra</span> <span class='ocrx_word' id='word_1_58' title='bbox 677 1491 773 1567; x_wconf 91' lang='lat' dir='ltr'>atque</span> <span class='ocrx_word' id='word_1_59' title='bbox 796 1491 885 1549; x_wconf 89' lang='lat' dir='ltr'>artus</span> <span class='ocrx_word' id='word_1_60' title='bbox 909 1505 978 1550; x_wconf 90' lang='lat' dir='ltr'>cum</span> <span class='ocrx_word' id='word_1_61' title='bbox 1003 1484 1121 1549; x_wconf 89' lang='lat' dir='ltr'>diditur</span> <span class='ocrx_word' id='word_1_62' title='bbox 1143 1485 1265 1561; x_wconf 85' lang='lat' dir='ltr'>omnis,</span> 
     </span>
     <span class='ocr_line' id='line_1_12' title="bbox 277 1599 1092 1682; baseline 0 -19"><span class='ocrx_word' id='word_1_63' title='bbox 277 1599 409 1682; x_wconf 89' lang='lat' dir='ltr'>disperit</span> <span class='ocrx_word' id='word_1_64' title='bbox 432 1605 527 1680; x_wconf 90' lang='lat' dir='ltr'>atque</span> <span class='ocrx_word' id='word_1_65' title='bbox 551 1600 647 1663; x_wconf 88' lang='lat' dir='ltr'>aliam</span> <span class='ocrx_word' id='word_1_66' title='bbox 670 1607 816 1663; x_wconf 88' lang='lat' dir='ltr'>naturam</span> <span class='ocrx_word' id='word_1_67' title='bbox 840 1599 952 1664; x_wconf 83' lang='lat' dir='ltr'>sufficit</span> <span class='ocrx_word' id='word_1_68' title='bbox 975 1619 1014 1664; x_wconf 89' lang='lat' dir='ltr'>ex</span> <span class='ocrx_word' id='word_1_69' title='bbox 1037 1619 1092 1676; x_wconf 89' lang='lat' dir='ltr'>se,</span> 
     </span>
    </p>

    <p class='ocr_par' dir='ltr' id='par_1_5' title="bbox 202 1713 1227 2137">
     <span class='ocr_line' id='line_1_13' title="bbox 202 1713 1227 1798; baseline -0.001 -20"><span class='ocrx_word' id='word_1_70' title='bbox 202 1733 251 1780; x_wconf 91' lang='grc' dir='ltr'><strong>7ο5</strong></span> <span class='ocrx_word' id='word_1_71' title='bbox 277 1714 323 1778; x_wconf 90' lang='lat' dir='ltr'>sic</span> <span class='ocrx_word' id='word_1_72' title='bbox 346 1713 454 1776; x_wconf 88' lang='lat' dir='ltr'>anima</span> <span class='ocrx_word' id='word_1_73' title='bbox 478 1719 572 1795; x_wconf 91' lang='lat' dir='ltr'>atquc</span> <span class='ocrx_word' id='word_1_74' title='bbox 595 1714 719 1777; x_wconf 90' lang='lat' dir='ltr'>animus</span> <span class='ocrx_word' id='word_1_75' title='bbox 744 1715 890 1794; x_wconf 84' lang='lat' dir='ltr'>quamvis</span> <span class='ocrx_word' id='word_1_76' title='bbox 912 1713 1038 1798; x_wconf 84' lang='lat' dir='ltr'>integra</span> <span class='ocrx_word' id='word_1_77' title='bbox 1060 1733 1172 1778; x_wconf 87' lang='lat' dir='ltr'>recens</span> <span class='ocrx_word' id='word_1_78' title='bbox 1194 1713 1227 1777; x_wconf 92' lang='lat' dir='ltr'>in</span> 
     </span>
     <span class='ocr_line' id='line_1_14' title="bbox 278 1825 1136 1910; baseline 0 -20"><span class='ocrx_word' id='word_1_79' title='bbox 278 1846 393 1909; x_wconf 90' lang='lat' dir='ltr'>corpus</span> <span class='ocrx_word' id='word_1_80' title='bbox 418 1831 513 1909; x_wconf 90' lang='lat' dir='ltr'>eunt,</span> <span class='ocrx_word' id='word_1_81' title='bbox 530 1831 637 1889; x_wconf 89' lang='lat' dir='ltr'>tamen</span> <span class='ocrx_word' id='word_1_82' title='bbox 658 1825 690 1888; x_wconf 91' lang='lat' dir='ltr'>in</span> <span class='ocrx_word' id='word_1_83' title='bbox 713 1828 876 1893; x_wconf 89' lang='lat' dir='ltr'>manando</span> <span class='ocrx_word' id='word_1_84' title='bbox 900 1827 1136 1910; x_wconf 89' lang='lat' dir='ltr'>dissoluuntur,</span> 
     </span>
     <span class='ocr_line' id='line_1_15' title="bbox 276 1939 1146 2023; baseline 0.006 -22"><span class='ocrx_word' id='word_1_85' title='bbox 276 1939 352 2002; x_wconf 87' lang='lat' dir='ltr'>dum</span> <span class='ocrx_word' id='word_1_86' title='bbox 375 1939 467 2021; x_wconf 91' lang='lat' dir='ltr'>quasi</span> <span class='ocrx_word' id='word_1_87' title='bbox 490 1960 548 2023; x_wconf 92' lang='lat' dir='ltr'>per</span> <span class='ocrx_word' id='word_1_88' title='bbox 570 1941 682 2006; x_wconf 89' lang='lat' dir='ltr'>caulas</span> <span class='ocrx_word' id='word_1_89' title='bbox 706 1943 808 2006; x_wconf 89' lang='lat' dir='ltr'>omnis</span> <span class='ocrx_word' id='word_1_90' title='bbox 832 1942 982 2006; x_wconf 90' lang='lat' dir='ltr'>diduntur</span> <span class='ocrx_word' id='word_1_91' title='bbox 1004 1943 1035 2006; x_wconf 91' lang='lat' dir='ltr'>in</span> <span class='ocrx_word' id='word_1_92' title='bbox 1059 1949 1146 2006; x_wconf 90' lang='lat' dir='ltr'>artus</span> 
     </span>
     <span class='ocr_line' id='line_1_16' title="bbox 275 2053 1182 2137; baseline 0.003 -21"><span class='ocrx_word' id='word_1_93' title='bbox 275 2053 448 2137; x_wconf 82' lang='lat' dir='ltr'>particulae</span> <span class='ocrx_word' id='word_1_94' title='bbox 472 2055 586 2137; x_wconf 92' lang='lat' dir='ltr'>quibus</span> <span class='ocrx_word' id='word_1_95' title='bbox 609 2056 690 2121; x_wconf 87' lang='lat' dir='ltr'>hacc</span> <span class='ocrx_word' id='word_1_96' title='bbox 712 2056 810 2120; x_wconf 85' lang='lat' dir='ltr'>animi</span> <span class='ocrx_word' id='word_1_97' title='bbox 832 2063 944 2120; x_wconf 89' lang='lat' dir='ltr'>natura</span> <span class='ocrx_word' id='word_1_98' title='bbox 967 2063 1111 2132; x_wconf 86' lang='lat' dir='ltr'>creatur,</span> <span class='ocrx_word' id='word_1_99' title='bbox 1180 2065 1182 2070; x_wconf 85' lang='lat'>&#39;</span> 
     </span>
    </p>

    <p class='ocr_par' dir='ltr' id='par_1_6' title="bbox 220 2169 1113 2254">
     <span class='ocr_line' id='line_1_17' title="bbox 220 2169 1113 2254; baseline 0.004 -24"><span class='ocrx_word' id='word_1_100' title='bbox 220 2193 226 2199; x_wconf 77' lang='lat'>·</span> <span class='ocrx_word' id='word_1_101' title='bbox 277 2187 361 2249; x_wconf 88' lang='lat' dir='ltr'>quae</span> <span class='ocrx_word' id='word_1_102' title='bbox 384 2169 524 2233; x_wconf 93' lang='lat' dir='ltr'>nuncin</span> <span class='ocrx_word' id='word_1_103' title='bbox 547 2176 655 2235; x_wconf 89' lang='lat' dir='ltr'>nostro</span> <span class='ocrx_word' id='word_1_104' title='bbox 678 2169 859 2234; x_wconf 88' lang='lat' dir='ltr'>dominatur</span> <span class='ocrx_word' id='word_1_105' title='bbox 882 2191 1014 2254; x_wconf 90' lang='lat' dir='ltr'>corpore</span> <span class='ocrx_word' id='word_1_106' title='bbox 1036 2176 1113 2234; x_wconf 89' lang='lat' dir='ltr'>nata</span> 
     </span>
    </p>

    <p class='ocr_par' dir='ltr' id='par_1_7' title="bbox 203 2282 1092 2598">
     <span class='ocr_line' id='line_1_18' title="bbox 203 2282 1050 2370; baseline 0.002 -22"><span class='ocrx_word' id='word_1_107' title='bbox 203 2302 252 2349; x_wconf 78' lang='lat'>710</span> <span class='ocrx_word' id='word_1_108' title='bbox 277 2301 317 2346; x_wconf 91' lang='lat' dir='ltr'>ex</span> <span class='ocrx_word' id='word_1_109' title='bbox 338 2282 394 2345; x_wconf 86' lang='lat' dir='ltr'>illa</span> <span class='ocrx_word' id='word_1_110' title='bbox 418 2303 501 2364; x_wconf 85' lang='lat' dir='ltr'>quae</span> <span class='ocrx_word' id='word_1_111' title='bbox 523 2289 589 2348; x_wconf 92' lang='lat' dir='ltr'>turn</span> <span class='ocrx_word' id='word_1_112' title='bbox 610 2286 703 2370; x_wconf 88' lang='lat' dir='ltr'>periit</span> <span class='ocrx_word' id='word_1_113' title='bbox 724 2286 841 2370; x_wconf 89' lang='lat' dir='ltr'>partita</span> <span class='ocrx_word' id='word_1_114' title='bbox 863 2304 920 2368; x_wconf 87' lang='lat' dir='ltr'>per</span> <span class='ocrx_word' id='word_1_115' title='bbox 943 2291 1050 2350; x_wconf 88' lang='lat' dir='ltr'>artus.</span> 
     </span>
     <span class='ocr_line' id='line_1_19' title="bbox 276 2398 1037 2482; baseline 0.004 -23"><span class='ocrx_word' id='word_1_116' title='bbox 276 2403 492 2481; x_wconf 90' lang='lat' dir='ltr'>quapropter</span> <span class='ocrx_word' id='word_1_117' title='bbox 514 2417 619 2479; x_wconf 89' lang='lat' dir='ltr'>neque</span> <span class='ocrx_word' id='word_1_118' title='bbox 642 2400 743 2463; x_wconf 91' lang='lat' dir='ltr'>natali</span> <span class='ocrx_word' id='word_1_119' title='bbox 766 2399 889 2482; x_wconf 88' lang='lat' dir='ltr'>privata</span> <span class='ocrx_word' id='word_1_120' title='bbox 911 2398 1037 2462; x_wconf 87' lang='lat' dir='ltr'>videtur</span> 
     </span>
     <span class='ocr_line' id='line_1_20' title="bbox 277 2511 1092 2598; baseline 0.005 -24"><span class='ocrx_word' id='word_1_121' title='bbox 277 2530 348 2578; x_wconf 86' lang='lat' dir='ltr'>esse</span> <span class='ocrx_word' id='word_1_122' title='bbox 370 2511 422 2574; x_wconf 91' lang='lat' dir='ltr'>die</span> <span class='ocrx_word' id='word_1_123' title='bbox 445 2516 561 2576; x_wconf 87' lang='lat' dir='ltr'>natura</span> <span class='ocrx_word' id='word_1_124' title='bbox 584 2512 709 2577; x_wconf 88' lang='lat' dir='ltr'>animae</span> <span class='ocrx_word' id='word_1_125' title='bbox 732 2532 791 2578; x_wconf 91' lang='lat' dir='ltr'>nec</span> <span class='ocrx_word' id='word_1_126' title='bbox 814 2513 934 2578; x_wconf 86' lang='lat' dir='ltr'>funeris</span> <span class='ocrx_word' id='word_1_127' title='bbox 958 2533 1092 2598; x_wconf 85' lang='lat' dir='ltr'>expers.</span> 
     </span>
    </p>

    <p class='ocr_par' dir='ltr' id='par_1_8' title="bbox 276 2624 1203 2826">
     <span class='ocr_line' id='line_1_21' title="bbox 320 2624 1140 2713; baseline 0.005 -25"><span class='ocrx_word' id='word_1_128' title='bbox 320 2624 450 2690; x_wconf 85' lang='lat' dir='ltr'>Semina</span> <span class='ocrx_word' id='word_1_129' title='bbox 471 2631 640 2712; x_wconf 87' lang='lat' dir='ltr'>praeterea</span> <span class='ocrx_word' id='word_1_130' title='bbox 661 2628 865 2713; x_wconf 88' lang='lat' dir='ltr'>linquontur,</span> <span class='ocrx_word' id='word_1_131' title='bbox 883 2649 1004 2713; x_wconf 90' lang='lat' dir='ltr'>necne,</span> <span class='ocrx_word' id='word_1_132' title='bbox 1021 2629 1140 2693; x_wconf 89' lang='lat' dir='ltr'>animai</span> 
     </span>
     <span class='ocr_line' id='line_1_22' title="bbox 276 2742 1203 2826; baseline 0.001 -21"><span class='ocrx_word' id='word_1_133' title='bbox 276 2761 411 2826; x_wconf 87' lang='lat' dir='ltr'>corpure</span> <span class='ocrx_word' id='word_1_134' title='bbox 432 2742 466 2804; x_wconf 91' lang='lat' dir='ltr'>in</span> <span class='ocrx_word' id='word_1_135' title='bbox 488 2743 665 2808; x_wconf 77' lang='lat' dir='ltr'>exanimo?</span> <span class='ocrx_word' id='word_1_136' title='bbox 685 2743 770 2826; x_wconf 91' lang='lat' dir='ltr'>quod</span> <span class='ocrx_word' id='word_1_137' title='bbox 794 2745 821 2808; x_wconf 90' lang='lat' dir='ltr'>si</span> <span class='ocrx_word' id='word_1_138' title='bbox 843 2745 1001 2809; x_wconf 90' lang='lat' dir='ltr'>lincuntur·</span> <span class='ocrx_word' id='word_1_139' title='bbox 1024 2749 1055 2808; x_wconf 93' lang='lat' dir='ltr'>et</span> <span class='ocrx_word' id='word_1_140' title='bbox 1076 2744 1203 2821; x_wconf 90' lang='lat' dir='ltr'>insunt,</span> 
     </span>
    </p>

    <p class='ocr_par' dir='ltr' id='par_1_9' title="bbox 204 2855 1120 3384">
     <span class='ocr_line' id='line_1_23' title="bbox 204 2855 1120 2942; baseline 0.007 -20"><span class='ocrx_word' id='word_1_141' title='bbox 204 2876 252 2924; x_wconf 81' lang='grc'>775</span> <span class='ocrx_word' id='word_1_142' title='bbox 278 2855 357 2920; x_wconf 90' lang='lat' dir='ltr'>haut</span> <span class='ocrx_word' id='word_1_143' title='bbox 379 2856 438 2919; x_wconf 92' lang='lat' dir='ltr'>erit</span> <span class='ocrx_word' id='word_1_144' title='bbox 459 2861 493 2920; x_wconf 91' lang='lat' dir='ltr'>ut</span> <span class='ocrx_word' id='word_1_145' title='bbox 515 2858 627 2921; x_wconf 91' lang='lat' dir='ltr'>merito</span> <span class='ocrx_word' id='word_1_146' title='bbox 650 2858 826 2923; x_wconf 86' lang='lat' dir='ltr'>inmortalis</span> <span class='ocrx_word' id='word_1_147' title='bbox 849 2860 950 2942; x_wconf 88' lang='lat' dir='ltr'>possit</span> <span class='ocrx_word' id='word_1_148' title='bbox 973 2857 1120 2937; x_wconf 73' lang='lat' dir='ltr'>haberi„</span> 
     </span>
     <span class='ocr_line' id='line_1_24' title="bbox 275 2970 1038 3055; baseline 0.008 -23"><span class='ocrx_word' id='word_1_149' title='bbox 275 2970 419 3055; x_wconf 90' lang='lat' dir='ltr'>partibus</span> <span class='ocrx_word' id='word_1_150' title='bbox 442 2971 567 3037; x_wconf 87' lang='lat' dir='ltr'>arnissis</span> <span class='ocrx_word' id='word_1_151' title='bbox 591 2973 743 3055; x_wconf 86' lang='lat' dir='ltr'>quoniam</span> <span class='ocrx_word' id='word_1_152' title='bbox 765 2973 867 3038; x_wconf 91' lang='lat' dir='ltr'>libata</span> <span class='ocrx_word' id='word_1_153' title='bbox 888 2974 1038 3039; x_wconf 81' lang='lat' dir='ltr'>recessit:</span> 
     </span>
     <span class='ocr_line' id='line_1_25' title="bbox 276 3084 1032 3175; baseline 0.005 -27"><span class='ocrx_word' id='word_1_154' title='bbox 276 3084 326 3148; x_wconf 89' lang='lat' dir='ltr'>sin</span> <span class='ocrx_word' id='word_1_155' title='bbox 349 3085 395 3149; x_wconf 92' lang='lat' dir='ltr'>ita</span> <span class='ocrx_word' id='word_1_156' title='bbox 418 3086 550 3152; x_wconf 89' lang='lat' dir='ltr'>sinceris</span> <span class='ocrx_word' id='word_1_157' title='bbox 572 3088 721 3152; x_wconf 89' lang='lat' dir='ltr'>membris</span> <span class='ocrx_word' id='word_1_158' title='bbox 743 3089 853 3155; x_wconf 88' lang='lat' dir='ltr'>ablata</span> <span class='ocrx_word' id='word_1_159' title='bbox 873 3089 1032 3175; x_wconf 83' lang='lat' dir='ltr'>profugit,</span> 
     </span>
     <span class='ocr_line' id='line_1_26' title="bbox 275 3199 1059 3288; baseline 0.009 -27"><span class='ocrx_word' id='word_1_160' title='bbox 275 3205 311 3262; x_wconf 95' lang='lat' dir='ltr'>ut</span> <span class='ocrx_word' id='word_1_161' title='bbox 332 3199 437 3264; x_wconf 89' lang='lat' dir='ltr'>nullas</span> <span class='ocrx_word' id='word_1_162' title='bbox 459 3202 558 3284; x_wconf 89' lang='lat' dir='ltr'>partis</span> <span class='ocrx_word' id='word_1_163' title='bbox 580 3203 613 3266; x_wconf 93' lang='lat' dir='ltr'>in</span> <span class='ocrx_word' id='word_1_164' title='bbox 636 3223 769 3287; x_wconf 88' lang='lat' dir='ltr'>corpore</span> <span class='ocrx_word' id='word_1_165' title='bbox 791 3204 920 3286; x_wconf 88' lang='lat' dir='ltr'>liquerit</span> <span class='ocrx_word' id='word_1_166' title='bbox 942 3225 981 3268; x_wconf 84' lang='lat' dir='ltr'>ex</span> <span class='ocrx_word' id='word_1_167' title='bbox 1004 3223 1059 3288; x_wconf 90' lang='lat' dir='ltr'>se,</span> 
     </span>
     <span class='ocr_line' id='line_1_27' title="bbox 276 3315 1083 3384; baseline 0.007 -6"><span class='ocrx_word' id='word_1_168' title='bbox 276 3315 361 3380; x_wconf 89' lang='lat' dir='ltr'>unde</span> <span class='ocrx_word' id='word_1_169' title='bbox 384 3315 543 3380; x_wconf 88' lang='lat' dir='ltr'>cadavera</span> <span class='ocrx_word' id='word_1_170' title='bbox 566 3319 709 3382; x_wconf 79' lang='lat' dir='ltr'>rancenti</span> <span class='ocrx_word' id='word_1_171' title='bbox 731 3319 794 3383; x_wconf 89' lang='lat' dir='ltr'>ianr</span> <span class='ocrx_word' id='word_1_172' title='bbox 817 3319 937 3384; x_wconf 89' lang='lat' dir='ltr'>viscere</span> <span class='ocrx_word' id='word_1_173' title='bbox 959 3337 1083 3384; x_wconf 89' lang='lat' dir='ltr'>vermes</span> 
     </span>
    </p>

    <p class='ocr_par' dir='ltr' id='par_1_10' title="bbox 203 3430 1135 3974">
     <span class='ocr_line' id='line_1_28' title="bbox 203 3430 1114 3516; baseline 0.002 -22"><span class='ocrx_word' id='word_1_174' title='bbox 203 3449 252 3495; x_wconf 79' lang='lat'>720</span> <span class='ocrx_word' id='word_1_175' title='bbox 279 3430 447 3514; x_wconf 81' lang='lat' dir='ltr'>expirant,</span> <span class='ocrx_word' id='word_1_176' title='bbox 465 3436 561 3512; x_wconf 87' lang='lat' dir='ltr'>atque</span> <span class='ocrx_word' id='word_1_177' title='bbox 583 3432 668 3497; x_wconf 92' lang='lat' dir='ltr'>unde</span> <span class='ocrx_word' id='word_1_178' title='bbox 691 3433 888 3498; x_wconf 87' lang='lat' dir='ltr'>animantum</span> <span class='ocrx_word' id='word_1_179' title='bbox 911 3432 1003 3516; x_wconf 92' lang='lat' dir='ltr'>copia</span> <span class='ocrx_word' id='word_1_180' title='bbox 1024 3438 1114 3496; x_wconf 87' lang='lat' dir='ltr'>tanta</span> 
     </span>
     <span class='ocr_line' id='line_1_29' title="bbox 277 3544 1090 3631; baseline 0.006 -25"><span class='ocrx_word' id='word_1_181' title='bbox 277 3562 355 3607; x_wconf 87' lang='lat' dir='ltr'>exos</span> <span class='ocrx_word' id='word_1_182' title='bbox 378 3549 409 3607; x_wconf 93' lang='lat' dir='ltr'>et</span> <span class='ocrx_word' id='word_1_183' title='bbox 432 3544 585 3628; x_wconf 86' lang='lat' dir='ltr'>exanguis</span> <span class='ocrx_word' id='word_1_184' title='bbox 607 3547 744 3611; x_wconf 89' lang='lat' dir='ltr'>tumidos</span> <span class='ocrx_word' id='word_1_185' title='bbox 765 3547 953 3631; x_wconf 89' lang='lat' dir='ltr'>perfluctuat</span> <span class='ocrx_word' id='word_1_186' title='bbox 975 3548 1090 3611; x_wconf 83' lang='lat' dir='ltr'>artus?</span> 
     </span>
     <span class='ocr_line' id='line_1_30' title="bbox 277 3657 1060 3739; baseline 0.004 -20"><span class='ocrx_word' id='word_1_187' title='bbox 277 3658 362 3739; x_wconf 90' lang='lat' dir='ltr'>quod</span> <span class='ocrx_word' id='word_1_188' title='bbox 385 3657 411 3722; x_wconf 89' lang='lat' dir='ltr'>si</span> <span class='ocrx_word' id='word_1_189' title='bbox 433 3657 516 3724; x_wconf 86' lang='lat' dir='ltr'>forte</span> <span class='ocrx_word' id='word_1_190' title='bbox 539 3660 663 3725; x_wconf 90' lang='lat' dir='ltr'>animas</span> <span class='ocrx_word' id='word_1_191' title='bbox 686 3663 881 3726; x_wconf 91' lang='lat' dir='ltr'>extrinsecus</span> <span class='ocrx_word' id='word_1_192' title='bbox 903 3659 1060 3725; x_wconf 92' lang='lat' dir='ltr'>insinuari</span> 
     </span>
     <span class='ocr_line' id='line_1_31' title="bbox 275 3771 1087 3861; baseline 0.005 -27"><span class='ocrx_word' id='word_1_193' title='bbox 275 3771 435 3837; x_wconf 90' lang='lat' dir='ltr'>vermibus</span> <span class='ocrx_word' id='word_1_194' title='bbox 459 3779 490 3840; x_wconf 88' lang='lat' dir='ltr'>et</span> <span class='ocrx_word' id='word_1_195' title='bbox 512 3775 622 3859; x_wconf 87' lang='lat' dir='ltr'>privas</span> <span class='ocrx_word' id='word_1_196' title='bbox 644 3775 677 3840; x_wconf 94' lang='lat' dir='ltr'>in</span> <span class='ocrx_word' id='word_1_197' title='bbox 702 3796 836 3861; x_wconf 90' lang='lat' dir='ltr'>corpora</span> <span class='ocrx_word' id='word_1_198' title='bbox 858 3793 955 3859; x_wconf 90' lang='lat' dir='ltr'>posse</span> <span class='ocrx_word' id='word_1_199' title='bbox 977 3773 1087 3838; x_wconf 92' lang='lat' dir='ltr'>venire</span> 
     </span>
     <span class='ocr_line' id='line_1_32' title="bbox 276 3885 1135 3974; baseline 0.005 -26"><span class='ocrx_word' id='word_1_200' title='bbox 276 3885 400 3972; x_wconf 88' lang='lat' dir='ltr'>credis,</span> <span class='ocrx_word' id='word_1_201' title='bbox 416 3908 476 3954; x_wconf 90' lang='lat' dir='ltr'>nee</span> <span class='ocrx_word' id='word_1_202' title='bbox 498 3895 627 3974; x_wconf 88' lang='lat' dir='ltr'>reputas</span> <span class='ocrx_word' id='word_1_203' title='bbox 649 3910 705 3954; x_wconf 92' lang='lat' dir='ltr'>cur</span> <span class='ocrx_word' id='word_1_204' title='bbox 725 3889 815 3955; x_wconf 91' lang='lat' dir='ltr'>milia</span> <span class='ocrx_word' id='word_1_205' title='bbox 836 3889 936 3954; x_wconf 87' lang='lat' dir='ltr'>muita</span> <span class='ocrx_word' id='word_1_206' title='bbox 957 3889 1135 3953; x_wconf 88' lang='lat' dir='ltr'>animarum</span> 
     </span>
    </p>

    <p class='ocr_par' dir='ltr' id='par_1_11' title="bbox 203 4001 1206 4091">
     <span class='ocr_line' id='line_1_33' title="bbox 203 4001 1206 4091; baseline 0.005 -28"><span class='ocrx_word' id='word_1_207' title='bbox 203 4016 252 4065; x_wconf 79' lang='grc'>775</span> <span class='ocrx_word' id='word_1_208' title='bbox 278 4001 471 4067; x_wconf 89' lang='lat' dir='ltr'>conveniant</span> <span class='ocrx_word' id='word_1_209' title='bbox 492 4003 577 4070; x_wconf 91' lang='lat' dir='ltr'>unde</span> <span class='ocrx_word' id='word_1_210' title='bbox 600 4024 666 4069; x_wconf 90' lang='lat' dir='ltr'>una</span> <span class='ocrx_word' id='word_1_211' title='bbox 686 4003 873 4091; x_wconf 81' lang='lat' dir='ltr'>recesserit,</span> <span class='ocrx_word' id='word_1_212' title='bbox 889 4001 951 4070; x_wconf 91' lang='lat' dir='ltr'>hoe</span> <span class='ocrx_word' id='word_1_213' title='bbox 972 4008 1079 4070; x_wconf 87' lang='lat' dir='ltr'>tamen</span> <span class='ocrx_word' id='word_1_214' title='bbox 1101 4009 1150 4070; x_wconf 88' lang='lat' dir='ltr'>est</span> <span class='ocrx_word' id='word_1_215' title='bbox 1171 4008 1206 4069; x_wconf 92' lang='lat' dir='ltr'>ut</span> 
     </span>
    </p>
   </div>
   <div class='ocr_carea' id='block_1_4' title="bbox 280 4268 1396 4428">
    <p class='ocr_par' dir='ltr' id='par_1_12' title="bbox 280 4240 1396 4428">
     <span class='ocr_line' id='line_1_34' title="bbox 280 4268 1396 4346; baseline 0.009 -32"><span class='ocrx_word' id='word_1_216' title='bbox 280 4269 508 4334; x_wconf 81' lang='lat' dir='ltr'>702·Dispertitur</span> <span class='ocrx_word' id='word_1_217' title='bbox 526 4286 587 4336; x_wconf 86' lang='lat' dir='ltr'>ergo</span> <span class='ocrx_word' id='word_1_218' title='bbox 620 4271 632 4339; x_wconf 70' lang='grc' dir='ltr'>Η</span> <span class='ocrx_word' id='word_1_219' title='bbox 666 4275 715 4323; x_wconf 79' lang='grc'><strong>705</strong></span> <span class='ocrx_word' id='word_1_220' title='bbox 740 4275 853 4336; x_wconf 86' lang='lat' dir='ltr'>quamvis</span> <span class='ocrx_word' id='word_1_221' title='bbox 872 4281 909 4324; x_wconf 89' lang='lat' dir='ltr'>est</span> <span class='ocrx_word' id='word_1_222' title='bbox 933 4270 946 4343; x_wconf 68' lang='grc' dir='ltr'>ΙΙ</span> <span class='ocrx_word' id='word_1_223' title='bbox 972 4274 1157 4324; x_wconf 71' lang='lat' dir='ltr'>inunxissem.</span> <span class='ocrx_word' id='word_1_224' title='bbox 1188 4268 1200 4342; x_wconf 73' lang='grc' dir='ltr'>Η</span> <span class='ocrx_word' id='word_1_225' title='bbox 1234 4275 1283 4324; x_wconf 86' lang='grc'><strong>710</strong></span> <span class='ocrx_word' id='word_1_226' title='bbox 1302 4281 1362 4325; x_wconf 91' lang='lat' dir='ltr'>tunc</span> <span class='ocrx_word' id='word_1_227' title='bbox 1382 4271 1396 4346; x_wconf 77' lang='grc' dir='ltr'>Η</span> 
     </span>
     <span class='ocr_line' id='line_1_35' title="bbox 280 4352 844 4428; baseline 0.014 -26"><span class='ocrx_word' id='word_1_228' title='bbox 280 4356 329 4405; x_wconf 88' lang='grc'><strong>718</strong></span> <span class='ocrx_word' id='word_1_229' title='bbox 354 4355 386 4406; x_wconf 84' lang='lat' dir='ltr'>Et</span> <span class='ocrx_word' id='word_1_230' title='bbox 411 4352 424 4427; x_wconf 85' lang='grc' dir='ltr'>ΙΙ</span> <span class='ocrx_word' id='word_1_231' title='bbox 451 4359 500 4406; x_wconf 87' lang='grc'><strong>719</strong></span> <span class='ocrx_word' id='word_1_232' title='bbox 519 4358 601 4408; x_wconf 90' lang='lat' dir='ltr'>vicere</span> <span class='ocrx_word' id='word_1_233' title='bbox 626 4355 639 4428; x_wconf 74' lang='grc' dir='ltr'>ΙΙ</span> <span class='ocrx_word' id='word_1_234' title='bbox 667 4361 715 4408; x_wconf 80' lang='grc'><strong>723</strong></span> <span class='ocrx_word' id='word_1_235' title='bbox 734 4361 806 4428; x_wconf 88' lang='lat' dir='ltr'>priva</span> <span class='ocrx_word' id='word_1_236' title='bbox 824 4361 844 4412; x_wconf 88' lang='lat' dir='ltr'>si</span> 
     </span>
    </p>
   </div>
   <div class='ocr_carea' id='block_1_5' title="bbox 0 0 1577 5036">
    <p class='ocr_par' dir='ltr' id='par_1_13' title="bbox 0 0 1577 5036">
     <span class='ocr_line' id='line_1_36' title="bbox 0 0 1577 5036; baseline 0 0"><span class='ocrx_word' id='word_1_237' title='bbox 0 0 1577 5036; x_wconf 95' lang='lat' dir='ltr'> </span> 
     </span>
    </p>
   </div>
  </div>
 </body>
</html>
