3140 5036
693 407 750 472 llll

200 576 298 664 [Illud
320 578 395 646 item
417 601 480 644 non
505 585 553 644 est
575 577 776 656 mirandum,
792 580 933 662 corporis
956 580 1027 664 ipsa

158 693 246 775 quod
267 700 382 758 natura
404 695 505 758 cibum
530 695 655 776 quaerit
677 694 830 777 cuiusque
853 695 1041 760 animantis.

82 830 134 878 sco
160 809 279 893 quippe
303 810 419 875 etenim
441 809 540 874 fluere
564 816 660 892 atque
681 811 831 875 recedere
856 830 990 893 corpora
1012 812 1106 876 rebus

158 925 258 989 multa
280 925 383 990 modis
406 924 511 989 multis
534 925 646 1003 docui,
663 925 720 991 scd
745 925 880 1008 plurima
903 923 1022 989 debent

158 1059 198 1104 ox
221 1039 422 1119 animalibu‘3
439 1059 521 1120 quae
545 1040 619 1121 quia
643 1047 716 1105 suut
739 1040 879 1105 exercita
902 1045 1008 1122 motu,

81 1175 132 1222 884
158 1155 259 1219 multa
281 1173 339 1238 per
362 1175 398 1220 os
421 1154 629 1232 exhalantur,
646 1175 714 1220 cum
738 1155 894 1240 languida
916 1153 1089 1238 anhelant,

83 1291 133 1337 888
157 1270 319 1351 multaque
342 1290 398 1353 per
420 1271 568 1335 sudorem
592 1291 631 1335 ex
654 1271 719 1335 alto
742 1289 854 1353 pressa
875 1268 1040 1333 feruntur.
1185 1244 1192 1254 ι

83 1405 132 1451 sco
159 1385 208 1447 his
229 1383 325 1466 igitur
346 1385 442 1448 rebus
464 1385 597 1449 rarescit
619 1404 733 1468 corpus
757 1390 787 1448 et
810 1382 913 1447 omnis

158 1498 319 1561 subruitur
341 1503 475 1580 natura3
493 1497 585 1562 dolor
606 1518 702 1579 quam
725 1498 928 1578 consequitur
950 1515 1036 1559 rem.

156 1617 330 1695 propterea
353 1612 477 1695 capitur
500 1611 609 1695 cibus,
626 1617 660 1675 ut
681 1611 841 1676 suffulciat
863 1617 950 1674 artus

158 1731 189 1790 et
211 1730 333 1790 recreet
354 1725 435 1790 vires
457 1725 539 1790 inter
562 1725 674 1802 datus,
692 1732 788 1807 atque
812 1731 970 1808 patentem

156 1859 212 1922 per
233 1841 377 1904 membra
399 1861 437 1904 ac
459 1861 559 1906 venas
582 1847 616 1904 ut
637 1860 777 1904 amorem
801 1846 926 1924 opturet
948 1838 1082 1904 edendi.

84 1971 132 2018 cro
158 1973 248 2017 umor
269 1955 343 2019 item
366 1955 501 2020 discedit
523 1955 555 2019 in
579 1956 686 2020 omnia
710 1975 792 2036 quae
815 1955 887 2021 loca
911 1973 1045 2035 cumque

156 2075 292 2152 poscunt
313 2089 475 2148 umorem:
492 2062 737 2152 glomerataque
754 2059 854 2134 multa
875 2070 1005 2153 vaporis

157 2203 312 2267 corpora,
330 2203 414 2268 quac
436 2183 599 2249 stomacho
622 2187 776 2268 praebent
797 2183 950 2248 incendia
967 2187 1096 2259 nostro,

158 2296 303 2382 dissupat
325 2299 503 2364 adveniens
525 2298 628 2380 liqucr
651 2319 690 2364 ac
712 2297 878 2378 restinguit
899 2301 933 2359 ut
954 2296 1079 2378 iguem,

156 2431 248 2477 urere
270 2433 310 2476 ne
332 2413 434 2497 possit
456 2413 543 2478 calor
566 2413 702 2498 amplius
726 2411 834 2477 aridus
857 2417 963 2476 artus.

84 2544 133 2591 ara
159 2526 205 2590 sie
227 2527 322 2608 igitur
343 2527 401 2591 tibi
424 2525 542 2593 anhela
563 2529 632 2594 sitis
654 2529 694 2592 de
717 2546 848 2610 corpore
869 2531 979 2591 nostro

161 2638 317 2725 abluitur,
335 2642 381 2707 sic
404 2643 548 2726 expletur
569 2643 678 2707 ieiuna
701 2641 815 2724 cupido
829 2641 855 2728 .]

197 2752 288 2820 Nunc
312 2757 364 2837 qui
387 2755 443 2820 fiat
463 2757 509 2820 uti
532 2777 647 2840 passus
669 2754 814 2840 proferre
838 2773 1009 2836 queamus,

157 2887 227 2932 cum
250 2870 417 2947 volumus,
433 2871 583 2952 varieque
607 2869 715 2936 datum
739 2870 781 2935 sit
803 2869 946 2933 membra
969 2885 1116 2948 movere,

156 2987 188 3047 et
211 3003 294 3064 quae
317 3005 368 3049 res
389 2991 511 3049 tantum
534 2987 594 3051 hoc
617 2987 721 3051 oneris
743 2983 930 3068 protrudere
951 2981 1050 3044 nostri

81 3114 131 3162 880
158 3097 302 3180 corporis
323 3098 477 3177 insuerit,
493 3100 615 3164 dicam:
633 3105 667 3164 tu
690 3099 819 3182 percipe
842 3096 946 3160 dicta.

156 3208 228 3274 dico
250 3212 356 3314 animo
379 3220 488 3278 nostro
511 3213 646 3298 primum
670 3212 843 3277 simulacra
863 3209 991 3274 meandi

155 3323 302 3388 accidere
324 3331 423 3407 atque
442 3326 583 3392 animum
608 3327 758 3410 pulsare,
775 3333 810 3391 ut
832 3324 968 3390 diximus
991 3329 1084 3386 ante.

154 3434 229 3502 inde
251 3438 396 3506 voluntas
418 3442 471 3505 lit:
487 3461 591 3522 neque
614 3441 697 3506 enim
721 3439 826 3504 facere
848 3438 960 3522 incipit
980 3437 1078 3501 ullam

155 3568 222 3612 rem
244 3551 431 3638 quisquam,
451 3573 546 3638 quam
569 3575 660 3620 mens
683 3555 821 3640 providit
843 3552 918 3636 quid
942 3551 1019 3647 velit
1040 3556 1134 3615 ante.

80 3677 130 3727 ssa
156 3661 190 3724 id
213 3664 299 3744 quod
320 3669 485 3754 providet,
502 3671 588 3735 illius
611 3671 657 3736 rei
680 3675 804 3734 constat
825 3668 954 3748 imago.

154 3795 231 3858 ergo
255 3781 380 3845 animus
404 3802 474 3846 cum
498 3803 568 3848 sese
589 3783 636 3848 ita
659 3787 837 3848 commovet
858 3787 893 3844 ut
914 3782 992 3846 velit
1014 3781 1058 3844 ire

153 3890 250 3972 inque
272 3893 383 3974 gredi,
400 3893 472 3958 ferit
495 3897 653 3982 extemplo
677 3915 758 3976 quae
781 3897 812 3958 in
836 3913 969 3977 corpore
991 3899 1077 3969 toto,

126 4019 128 4028 ’
154 4023 213 4087 per
234 4008 378 4072 membra
399 4013 495 4089 atque
518 4015 627 4091 artus,
643 4009 761 4073 animai
786 4007 897 4072 dissita
919 4007 967 4070 vis
990 4013 1057 4071 est:
1126 4081 1131 4090 ,

156 4283 205 4330 862
226 4297 290 4344 quae
309 4285 446 4335 omissum.
468 4282 481 4351 il
504 4286 554 4333 878
574 4284 659 4332 ieiuna
679 4281 692 4350 Η
716 4286 765 4332 877
785 4283 830 4332 flat
849 4279 862 4350 ΙῙ
883 4295 1003 4342 quernus.
1024 4279 1037 4350 Η
1062 4285 1112 4332 878
1131 4299 1238 4347 roreque
1258 4284 1272 4355 Η
1356 4343 1361 4357 .

157 4370 206 4416 879
227 4370 313 4418 ouoris
331 4368 345 4437 Η
366 4373 416 4419 884
436 4387 511 4433 quam
530 4371 669 4422 omissum.
690 4369 703 4438 {i
724 4372 774 4419 885
794 4377 908 4418 constare
929 4365 942 4436 Η
963 4372 1012 4418 888
1032 4371 1087 4433 Ego
