3108 5034
337 440 380 503 60
835 511 840 520 ,
889 433 917 498 u

340 625 441 688 quare
463 627 581 689 magna
604 608 697 671 deum
720 611 821 670 mater
842 611 1007 684 materque
1029 603 1168 668 ferarum

338 725 369 786 et
390 720 487 784 nostri
510 721 656 804 genetrix
678 721 757 786 haee
782 720 868 786 dieta
890 725 937 783 est
960 717 1104 802 eorporis
1124 723 1212 782 una.

265 856 315 902 000
383 835 475 899 Hane
497 840 620 900 veteres
644 835 774 899 Graium
799 833 882 900 dooti
907 832 1187 914 00010060006600

338 1063 467 1127 sedibus
488 1063 521 1125 in
545 1083 639 1127 curru
660 1062 788 1145 biiugos
811 1059 936 1141 agitare
957 1059 1089 1142 leones,

338 1176 477 1241 06616166
500 1177 603 1260 spatio
627 1196 777 1255 magnam
799 1174 938 1258 pendere
962 1173 1114 1238 docentes

337 1289 502 1366 tellurem,
519 1310 622 1371 neque
645 1309 739 1372 posse
762 1290 794 1352 in
817 1295 902 1352 terra
925 1287 1036 1352 sistere
1059 1295 1195 1352 terram.

338 1402 511 1468 adiunxere
533 1404 638 1487 feras,
656 1404 730 1485 quia
753 1403 897 1484 quamvis
921 1401 1020 1466 effera
1041 1402 1149 1485 proies

264 1537 314 1584 606
340 1516 454 1582 ostioiis
479 1516 574 1581 debet
595 1517 711 1580 molliri
733 1517 815 1581 vieta
838 1521 1023 1598 parentum.

339 1631 516 1710 muralique
539 1636 637 1713 eaput
659 1651 815 1694 summum
839 1632 967 1694 cinxere
990 1649 1128 1704 corona,

340 1744 463 1808 eximiis
487 1744 605 1807 munita
628 1745 706 1810 loeis
730 1745 804 1826 quia
827 1744 960 1808 sustinet
981 1744 1096 1824 urbes;

341 1879 403 1940 quo
427 1878 511 1922 nuno
533 1858 649 1941 insigni
672 1878 728 1941 per
750 1878 888 1939 magnas
911 1857 1058 1941 praedita
1080 1863 1181 1922 terras

338 1972 482 2036 horrifice
505 1971 606 2036 fertur
628 1973 754 2037 divinae
778 1972 886 2036 matris
910 1972 1038 2051 imago.

263 2107 313 2153 660
339 2086 419 2149 hano
441 2086 550 2149 variae
573 2093 684 2169 gentes
707 2087 837 2167 antiquo
860 2105 948 2148 more
972 2099 1134 2148 saororutn

338 2199 467 2263 idaeam
491 2200 630 2264 vocitant
651 2206 805 2274 matrem,
822 2199 1044 2282 Phrygiasque
1067 2205 1211 2263 catervas

339 2313 416 2376 dant
438 2314 587 2396 60601606,
605 2315 679 2395 quia
701 2315 837 2398 primurn
859 2334 899 2378 ex
922 2313 985 2377 illis
1008 2312 1125 2375 finibus
1148 2311 1247 2376 edunt

340 2447 395 2510 per
417 2433 569 2491 terrarum
594 2428 702 2492 orbern
726 2428 834 2512 fruges
857 2428 1002 2511 coepisse
1025 2426 1147 2491 creari.

339 2542 442 2625 gallos
466 2543 658 2625 attribuunt,
675 2543 770 2624 quia,
788 2562 904 2606 numen
928 2541 980 2622 qui
1002 2541 1152 2604 violarint

264 2677 313 2724 615
340 2656 449 2721 matris
471 2662 502 2719 et
523 2656 643 2737 ingrati
664 2657 852 2740 genitoribu'
876 2657 938 2720 sint
960 2655 1099 2738 inventi,
1120 2735 1122 2740 Ι

339 2770 520 2854 siguificare
543 2772 654 2835 volunt
676 2772 827 2852 indignos
849 2789 920 2834 esse
943 2769 1121 2851 putandos,

339 2885 444 2950 vivam
468 2886 651 2968 progeniem
676 2885 783 2968 quiin
808 2903 883 2948 oras
905 2883 1033 2946 luminis
1056 2883 1174 2946 edant.

339 3007 492 3082 tympana
514 3005 600 3063 tenta
622 3005 734 3064 tonant
756 2998 870 3082 palmis
893 3003 924 3062 et
946 2997 1094 3082 cymbala
1117 2998 1233 3063 eiroum

339 3133 499 3187 concava,
517 3114 749 3196 raucisonoque
772 3113 930 3176 minantur
950 3133 1069 3178 cornua
1090 3119 1204 3197 eantu,

266 3249 316 3295 020
342 3234 373 3292 et
395 3227 534 3311 Phrygio
557 3227 697 3292 stimulat
718 3247 848 3292 numero
872 3247 951 3292 cava
973 3229 1053 3293 tibia
1075 3227 1210 3309 mentis,

340 3343 467 3424 telaque
490 3348 714 3427 praeportant,
731 3342 861 3406 violenti
885 3345 976 3427 signa
998 3342 1135 3415 furoris,

339 3455 483 3538 ingratos
505 3457 629 3521 animos
653 3462 747 3538 atque
770 3457 869 3540 impia
890 3463 1022 3541 pectora
1044 3453 1129 3531 volgi
1170 3525 1173 3532 ,

341 3552 518 3632 0066066060
541 3575 627 3634 metu
651 3589 735 3652 quae
752 3531 881 3654 Bossint
902 3569 1030 3634 numini'
1053 3567 1168 3632 divae.

342 3701 419 3762 ergo
443 3702 513 3746 eum
536 3684 670 3766 primum
693 3705 828 3767 magnas
850 3685 976 3748 invecta
998 3702 1055 3765 per
1076 3682 1164 3747 urbis

265 3816 315 3864 006
343 3795 505 3860 munificat
526 3797 625 3861 taeita
646 3799 789 3862 mortalis
813 3803 900 3861 muta
922 3797 1044 3879 salute,

342 3930 416 3975 aere
439 3917 535 3992 atque
558 3918 688 3996 argento
712 3917 856 3977 sternunt
875 3912 934 3976 iter
957 3929 1050 3976 omne
1073 3909 1217 3988 viarum,

341 4023 484 4105 largifica
506 4025 587 4109 stipe
610 4025 770 4110 ditantes,
787 4026 984 4110 ninguntque
1007 4045 1151 4092 rosarum

348 4293 398 4340 606
420 4293 505 4341 moliri
527 4289 541 4358 ΙΙ
562 4293 611 4340 607
637 4291 676 4340 Ex
700 4292 757 4340 imis
778 4289 790 4356 Η
812 4293 862 4339 613
887 4289 993 4360 06160611
1015 4295 1064 4342 615
1088 4290 1164 4340 Matri
1188 4298 1213 4340 et
1236 4289 1316 4355 ingsti
1337 4287 1351 4357 11
1371 4292 1473 4345 inventi

344 4376 412 4426 sint.
434 4377 447 4445 ΙΙ
469 4381 519 4429 623
538 4378 642 4428 numine
663 4375 676 4445 11
697 4381 747 4428 026
767 4379 802 4428 ite
820 4378 906 4428 omnia
924 4379 1023 4426 virum.
