3140 5036
681 389 740 454 IIII

145 567 180 633 fit
203 567 294 651 quasi
315 570 349 630 ut
372 563 413 630 ad
434 568 559 628 tornum
584 583 732 627 saxorum
756 567 875 627 structa
897 566 1041 625 tuemur:

144 704 210 748 non
232 687 341 747 tamen
362 685 398 745 ut
420 699 526 744 eoram
549 697 630 758 quae
654 681 728 741 sunt
748 695 888 759 vereque
910 674 1066 750 rutunda,

147 798 205 863 sed
227 797 320 877 quasi
342 794 553 859 adumbratim
577 792 707 875 paulum
731 791 881 856 simulata
903 789 1068 854 videntur.

144 913 258 976 umbra
279 910 408 975 videtur
427 909 503 973 item
526 907 619 973 nobis
641 907 674 969 in
697 905 764 970 sole
786 905 907 969 moveri

70 1046 121 1092 aaa
149 1031 182 1090 et
203 1025 340 1106 vestigia
362 1029 470 1088 nostra
494 1021 584 1103 sequi
607 1026 795 1102 gestumque
818 1019 954 1096 imitari;

146 1146 222 1203 ae'ra
245 1139 272 1202 si
295 1137 396 1202 eredis
418 1137 578 1221 privatum
602 1135 720 1198 lumine
742 1153 839 1218 posse

145 1252 335 1334 indugredi,
352 1257 456 1316 motus
478 1249 639 1313 hominum
663 1254 850 1330 gestumque
874 1252 1078 1328 sequentem:

146 1387 221 1430 nam
245 1367 289 1430 nil
313 1386 383 1431 esse
405 1369 512 1449 potest
535 1364 615 1427 aliut
636 1363 696 1426 nisi
713 1363 831 1426 lumine
854 1382 965 1426 cassus

148 1487 204 1545 adr
226 1481 259 1544 id
282 1480 367 1561 quod
390 1500 449 1543 nos
472 1479 618 1543 umbram
640 1476 809 1560 perhibere
832 1483 957 1540 suemus
971 1523 982 1542 ..

70 1617 120 1663 aro
146 1595 180 1658 ni
202 1595 335 1678 mirum,
353 1595 428 1675 quia
449 1599 534 1660 terra
555 1591 634 1657 loeis
658 1611 698 1656 ex
720 1591 832 1656 ordine
855 1591 949 1655 oertis

147 1710 265 1774 lumine
288 1709 429 1793 privatur
451 1708 529 1772 solis
553 1725 772 1788 quacumque
797 1711 938 1769 meantes
1041 1747 1051 1766 .

147 1825 324 1899 odiumne,
340 1823 478 1906 repletur
500 1823 575 1886 item
599 1820 684 1901 quod
706 1820 858 1900 liquimus
881 1820 967 1902 eius,

147 1945 319 2022 propterea
341 1938 375 2000 fit
396 1937 441 2001 uti
464 1935 629 2018 videatur,
647 1954 729 2016 quae
752 1933 811 1997 fuit
832 1933 945 1998 umbra

150 2054 347 2137 eorporis,e
371 2052 502 2133 regione
526 2050 640 2116 eadem
663 2069 721 2114 nos
744 2068 846 2128 usque
869 2056 997 2113 seouta.

72 2189 121 2236 375
151 2188 278 2251 semper
300 2168 383 2232 enim
407 2187 491 2230 nova
513 2186 547 2230 se
571 2165 729 2228 radiorum
752 2163 874 2226 lumina
896 2163 1033 2226 fundunt

150 2282 317 2366 primaque
341 2281 544 2365 dispereunt,
563 2279 653 2366 quasi
676 2279 707 2341 in
730 2278 836 2360 ignem
860 2277 935 2340 lana
957 2277 1118 2341 trahatur.

149 2403 321 2481 propterea
343 2395 440 2460 faoile
463 2401 494 2472 et
516 2394 672 2478 spoliatur
693 2392 811 2456 lumine
833 2396 938 2474 terra,

152 2517 182 2574 et
203 2511 343 2594 repletur
364 2511 437 2574 item
461 2510 634 2591 nigrasque
657 2508 718 2573 sibi
742 2507 839 2571 abluit
860 2507 1010 2570 umbrae.

189 2625 257 2690 Neo
278 2631 386 2689 tamen
409 2624 460 2688 hio
484 2624 593 2688 oeulos
616 2623 684 2686 salli
708 2621 910 2686 concedimus
933 2620 1052 2684 hilum.

76 2758 127 2805 aso
153 2758 226 2803 nam
250 2761 312 2821 quo
336 2758 472 2820 eumque
495 2739 566 2802 loeo
590 2737 630 2802 sit
652 2738 705 2801 lux
727 2744 821 2818 atque
844 2737 956 2800 umbra
979 2736 1057 2800 tueri
1083 2767 1108 2812 ο,

151 2853 278 2917 illorum
300 2860 368 2919 est:
386 2855 499 2919 eadem
522 2872 598 2918 vero
622 2852 684 2916 sint
705 2852 826 2914 lumina
848 2870 968 2927 neone,

151 2969 326 3048 umbraque
349 2988 432 3048 quae
455 2968 515 3031 suit
536 2967 588 3032 hio
610 2965 726 3031 eadem
747 2986 832 3034 nuno
854 2971 996 3030 transeat
1016 2966 1112 3041 illue,

152 3103 193 3147 an
217 3084 321 3167 potius
342 3083 398 3146 fiat
419 3083 516 3166 paulo
540 3083 626 3161 quod
649 3081 786 3144 diximus
809 3087 901 3152 ante,

150 3197 212 3262 hoo
235 3198 331 3261 animi
354 3197 479 3262 demum
503 3195 583 3259 ratio
606 3195 786 3292 discernere
809 3195 922 3270 debet,

77 3331 127 3379 aas
152 3331 212 3376 neo
234 3318 368 3395 possunt
391 3311 475 3377 oouli
498 3315 641 3374 naturam
664 3329 797 3374 noscere
819 3329 944 3374 rerum.

150 3426 287 3509 proinde
309 3426 404 3490 animi
427 3425 537 3491 vitium
560 3423 622 3488 hoo
644 3424 744 3488 oeulis
767 3425 932 3506 adtingere
955 3423 1040 3489 noli.

152 3559 216 3622 qua
236 3540 378 3606 vehimur
400 3541 492 3623 navi,
510 3539 628 3618 fertur,
645 3559 713 3602 oum
738 3545 822 3606 stare
845 3541 989 3605 videtur:

153 3673 235 3736 quae
257 3661 366 3720 manet
386 3656 420 3720 in
442 3655 599 3732 statione,
617 3674 655 3720 ea
677 3629 805 3738 praeter
828 3655 965 3722 ereditur
987 3657 1054 3722 ire.

153 3773 185 3833 et
205 3768 318 3850 fugere
342 3769 385 3834 ad
406 3771 537 3854 puppim
560 3770 657 3836 eolles
680 3771 848 3854 campique
869 3773 1036 3848 videntm,

82 3900 132 3948 ooo
156 3901 235 3964 quos
256 3883 380 3966 agimus
401 3890 528 3967 praeter
550 3903 665 3948 navem
687 3884 830 3964 velisque
853 3887 1016 3950 volamus

152 3997 260 4062 sidera
282 4016 409 4062 cessare
432 3997 583 4062 aetheriis
606 3995 714 4060 adfixa
736 3999 880 4061 cavernis

154 4118 266 4176 ounota
286 4110 452 4196 videntur,
470 4116 502 4176 et
524 4109 659 4176 adsiduo
684 4117 757 4176 sunt
779 4111 886 4174 omnia
907 4116 1014 4193 motu,

158 4354 206 4404 361
227 4363 329 4406 turnum
349 4352 361 4422 Η
382 4363 500 4406 tuantur.
522 4351 535 4422 ΙΙ
556 4355 606 4405 368
625 4353 688 4404 aliui
708 4351 722 4422 Η
742 4319 795 4403 3781
813 4351 893 4404 adluit
