3140 5032
286 405 350 469 226
826 399 871 464 vl

284 572 389 652 guttai
413 572 467 635 vix
490 572 591 636 instar
613 576 705 636 erunt
727 571 821 635 unius
845 570 1051 653 adaugmen3

210 709 260 755 cra
286 708 348 768 quo
372 687 476 752 minus
499 693 548 752 est
570 687 682 751 mirum
707 707 793 750 mare
817 707 881 752 non
903 705 1079 768 augescere
1101 707 1270 769 magnum.

285 808 455 885 praeterea
477 822 628 883 magnam
652 803 700 866 sol
721 808 844 885 partem
868 800 1006 864 detrahit
1028 808 1139 864 aestu.

286 915 403 1000 quippe
425 915 570 981 videmus
594 917 677 980 enim
700 917 799 981 vestis
822 935 932 980 umore
955 914 1113 980 madentis

286 1030 448 1096 exsiccare
472 1032 538 1096 suis
561 1031 662 1096 radiis
686 1031 864 1095 ardentibu'
889 1030 1010 1095 solem:

285 1152 319 1210 at
342 1145 459 1228 pelage
483 1147 584 1211 multe
607 1152 638 1211 et
659 1147 723 1210 late
747 1147 910 1210 substrata
932 1145 1098 1210 videmus.

209 1281 259 1328 cao
286 1260 420 1343 proinde
443 1262 518 1326 lieet
541 1262 687 1342 quamvis
714 1280 754 1326 cx
776 1281 839 1324 uno
864 1280 990 1342 quoque
1013 1259 1084 1338 loco
1109 1260 1158 1324 sol

283 1375 403 1440 umoris
426 1396 558 1460 parvam
580 1376 702 1441 delibet
723 1377 764 1441 ab
789 1395 929 1457 aequore
952 1379 1095 1457 partem:

284 1489 417 1570 largiter
436 1491 470 1554 in
492 1496 582 1584 tanto
605 1491 709 1574 spatio
732 1496 839 1554 tamen
863 1488 989 1554 auferet
1011 1489 1126 1554 undis.

283 1612 350 1670 tum
372 1626 468 1689 porro
491 1606 575 1670 venti
599 1625 727 1686 qnoque
750 1625 901 1685 magnam
924 1603 1037 1669 tollere
1061 1610 1183 1686 partem

282 1721 401 1785 umoris
424 1726 558 1804 possunt
580 1727 744 1786 verrentes
767 1739 930 1802 aequora,
947 1719 1050 1784 ventis

209 1855 259 1902 625
282 1855 347 1898 una
369 1841 462 1900 nocte
484 1835 553 1899 vias
576 1835 727 1916 quoniam
749 1853 908 1917 persaepe
929 1833 1075 1898 videmus

284 1949 397 2012 siccari
421 1949 591 2030 mollisque
614 1949 672 2012 luti
695 1967 901 2013 tenerescere
924 1953 1069 2012 crustas.

284 2068 452 2147 praeterea
476 2063 570 2128 docui
592 2063 724 2127 multum
747 2081 873 2144 quoque
896 2062 1007 2127 tollere
1031 2063 1131 2127 nubes

281 2195 423 2242 umorem
447 2197 564 2258 magno
588 2183 775 2261 conceptum
798 2187 842 2242 ex'
861 2193 1003 2258 aequore
1026 2176 1136 2259 ponti,

282 2291 454 2378 etpassim
477 2298 543 2356 toto
566 2299 722 2357 terrarum
745 2311 899 2375 spargere
921 2292 953 2354 in
977 2291 1067 2374 orbi,

205 2424 255 2472 666
285 2425 356 2470 curu
379 2406 459 2490 pluit
481 2407 512 2470 in
535 2408 628 2471 terris
651 2413 681 2471 et
703 2407 789 2472 renti
812 2407 923 2470 nubila
944 2412 1090 2488 portant.

282 2526 443 2603 postremo
469 2522 620 2602 quoniam
643 2542 717 2586 raro
743 2542 813 2586 cum
838 2540 972 2605 corpore
994 2520 1090 2586 tellus

281 2641 349 2718 est,
368 2640 399 2699 et
422 2637 638 2721 coniunctast,
656 2656 728 2702 oras
752 2637 851 2700 maris
873 2637 1014 2717 undique
1037 2636 1191 2716 cingam,

282 2748 397 2834 debet,
414 2755 449 2813 ut
470 2751 503 2814 in
526 2771 613 2815 mare
636 2750 676 2815 de
699 2751 791 2816 terris
814 2751 902 2814 venit
924 2771 1015 2814 umor
1037 2752 1152 2832 aquai,

283 2863 316 2928 in
339 2869 442 2928 terras
464 2863 577 2930 itidem
601 2885 730 2930 manare
754 2885 796 2930 ex
818 2885 958 2947 aequore
981 2866 1087 2930 salso:

206 2998 256 3046 666
281 2979 463 3063 percolatur
486 2981 571 3044 euim
594 2981 699 3059 virus,
716 2987 865 3063 retroque
888 2985 1035 3046 remanat

283 3094 435 3158 materies
457 3095 576 3160 umoris
599 3102 630 3160 et
652 3095 694 3160 ad
717 3103 813 3180 caput
835 3097 984 3162 amnibus
1006 3095 1110 3159 omnis

282 3207 431 3292 confluit,
448 3209 524 3274 iude
547 3231 643 3295 super
665 3217 769 3275 terras
792 3211 873 3274 redit
896 3209 1025 3292 agmine
1047 3209 1134 3274 dulci

283 3343 346 3404 que
369 3323 422 3388 via
445 3331 534 3390 secta
556 3326 656 3390 semel
679 3325 801 3407 liquido
825 3325 907 3408 pede
931 3323 1042 3389 detulit
1064 3325 1209 3414 undae]

319 3439 412 3502 Nunc
435 3439 516 3503 ratio
540 3459 624 3520 quae
647 3439 707 3521 sit,
724 3458 782 3522 per
804 3437 917 3502 fauces
940 3440 1056 3504 montis
1078 3445 1113 3503 ut
1135 3443 1257 3508 Aetnae

201 3572 252 3622 eto
284 3551 429 3634 expirent
451 3552 543 3635 ignes
566 3553 648 3617 inter
671 3553 747 3616 dum
769 3552 895 3616 turbine
917 3556 1026 3636 tanto,

283 3665 473 3749 expediam:
490 3685 594 3748 neque
617 3666 702 3731 eninr
725 3664 877 3730 mediocri
901 3665 993 3731 clade
1016 3675 1124 3734 coorta

280 3778 430 3846 flammea
450 3788 625 3866 tempestas
648 3780 790 3846 Siculum
813 3783 978 3848 dominata
1000 3805 1058 3869 per
1080 3805 1177 3867 agros

282 3893 423 3962 finitimis
447 3895 488 3961 ad
511 3916 548 3964 66
571 3896 727 3964 convertit
748 3898 896 3982 gentibus
919 3920 996 3978 ora,

285 4197 335 4246 616
353 4198 391 4246 sol
410 4213 529 4262 magnam
550 4200 563 4265 ll
585 4203 633 4249 621
654 4201 685 4249 ad
707 4197 720 4268 ll
746 4203 797 4249 624
815 4202 900 4251 venti.
927 4199 940 4268 ll
966 4205 1015 4252 626
1035 4209 1160 4252 erustres.
1182 4199 1195 4270 Η
1216 4205 1266 4252 629
1286 4203 1372 4252 orbis.
1394 4201 1407 4268 Ιὶ

286 4285 336 4332 632
359 4284 441 4348 magis
470 4285 483 4353 Η
513 4287 563 4336 688
588 4287 647 4337 tulit
674 4284 687 4355 Η
718 4291 766 4338 689
792 4288 879 4338 leucas
909 4286 922 4358 Η
951 4292 999 4338 641
1025 4290 1109 4340 media
1137 4290 1223 4353 grecia
1252 4290 1283 4339 de
1312 4290 1325 4357 Η
1355 4292 1405 4338 642

287 4369 416 4421 Flammae
