3140 5032
280 351 345 416 204
827 345 854 408 V

284 518 347 582 iarn
371 535 460 582 mare
483 515 628 580 velivolis
648 515 782 582 florebat
804 517 984 601 puppibus,
1002 520 1033 578 et
1054 534 1106 580 ree

283 631 463 696 auriliane
487 628 591 694 aoeies
613 630 678 696 iam
700 637 796 714 paeto
820 627 949 694 foedere
972 630 1152 707 habebant,

283 743 476 810 carminibus
499 763 569 808 eum
592 763 643 809 rea
666 753 775 826 gestae
796 764 931 829 eoepere
955 750 1070 829 poetae

202 882 267 928 1445
284 859 431 924 tradere:
448 877 508 922 nen
530 857 628 922 multo
652 858 729 941 prin’
751 866 825 925 sunt
846 860 1004 924 elementa
1025 867 1174 942 reperta.

284 981 458 1059 propterea
480 971 556 1053 quid
579 973 619 1036 nit
641 973 728 1057 prius
751 979 854 1038 aetum
877 972 1038 1057 respicere
1061 979 1149 1038 aetas

284 1095 396 1166 nostra
417 1087 545 1170 nequit,
563 1088 621 1152 nisi
646 1107 708 1169 qua
731 1088 811 1152 ratio
834 1087 972 1168 vestigia
995 1093 1172 1154 monstrat.

323 1203 463 1286 Navigia
484 1207 581 1284 atque
605 1203 676 1286 agri
699 1203 856 1286 culturae,
873 1203 1022 1286 moenia,
1038 1203 1149 1284 leges,

283 1339 392 1389 arma,
408 1317 497 1394 viae,
513 1321 620 1382 vestes
633 1367 640 1401 ,
654 1323 685 1382 et
706 1323 814 1383 eetera
836 1317 877 1382 de
900 1336 1018 1401 genere
1041 1317 1173 1402 herum,

202 1455 268 1501 1450
284 1433 449 1517 praemia,
466 1431 597 1497 delieias
621 1451 746 1513 quoque
768 1431 852 1496 vitae
876 1431 1019 1497 funditus
1044 1432 1166 1516 omnis,

285 1549 445 1631 carmina,
463 1548 621 1630 picturae,
639 1552 670 1610 et
692 1546 833 1612 daedala
854 1547 949 1629 signa
971 1548 1093 1631 polire,

283 1684 360 1728 usus
383 1670 415 1728 et
436 1662 594 1746 impigrae
616 1661 709 1726 simul
732 1662 929 1744 experientia
952 1663 1065 1728 mentis

284 1777 440 1861 paulatim
463 1777 571 1840 denuit
592 1777 794 1860 pedetemtirn
817 1777 1073 1861 progredientis·

285 1893 330 1958 eie
353 1913 449 1956 unum
473 1891 622 1972 quiequid
644 1890 798 1975 paulatim
821 1891 977 1973 protrahit
999 1898 1091 1958 aetas

203 2027 269 2074 1455
286 2010 319 2071 in
343 2007 480 2071 medium
503 2006 647 2087 ratioque
669 2006 701 2068 in
724 2006 853 2072 luminis
876 2008 969 2092 erigit
991 2027 1086 2073 erae:

285 2141 424 2203 namque
447 2122 512 2184 alid
536 2140 575 2184 ex
597 2121 662 2185 alie
686 2121 864 2187 elareseere
888 2122 1116 2198 conveniebat,

286 2239 407 2302 artibus
429 2239 473 2302 ad
495 2256 652 2302 summum
676 2237 778 2302 donee
798 2255 917 2302 venere
940 2255 1115 2302 eaeumen.

287 2406 488 2413 ——.-.-—

292 2509 357 2554 1442
372 2507 439 2554 Tum
459 2502 471 2573 ii
492 2513 594 2569 propter
613 2505 719 2554 odores.
741 2501 754 2572 Η
777 2508 843 2554 1444
863 2519 966 2568 caepere
987 2499 1000 2572 Η
1023 2507 1089 2553 1449
1103 2512 1128 2554 et
1146 2503 1286 2554 amineum.
1308 2499 1321 2569 ΙΙ
1343 2503 1411 2549 1451

289 2593 387 2656 polito.
409 2591 421 2659 ti
445 2596 510 2643 1456
531 2594 606 2643 eorde
625 2593 760 2642 videbant.
