3140 5036
289 376 350 441 134
817 369 875 431 llll

287 564 381 608 uuam
405 563 474 606 cunr
498 541 643 605 iaceres:
660 539 706 603 115
730 539 828 603 551155
851 539 985 604 collibus
1006 539 1068 622 ipsi

193 680 203 695 ⁴
288 659 386 723 verba
409 656 609 739 repulsantes
631 654 791 718 iterabant
813 653 908 717 docta
931 651 1062 717 1515111.

213 794 263 840 555
288 773 369 852 haec
391 772 462 836 loca
485 769 672 853 capripedes
697 776 821 852 satyros
843 769 1064 851 nymphasque
1087 774 1195 832 tenere

290 885 413 950 finitimi
437 885 578 968 fingunt,
596 889 626 946 ct
647 881 760 945 faunos
783 901 853 946 esse
875 882 1041 964 locuntur,

290 1020 422 1082 quorum
444 999 613 1078 noctivago
638 997 770 1079 strepitu
791 995 930 1077 ludoque
951 997 1068 1061 iocanti

289 1115 458 1178 adfirmant
480 1111 575 1194 volgo
598 1111 754 1174 taciturna
778 1110 906 1175 silentia
928 1111 1051 1194 rumpi,

290 1227 543 1308 chordarumque
566 1245 663 1290 sonos
686 1224 774 1308 fieri,
792 1225 959 1306 dulcisque
982 1227 1161 1310 querellas,

215 1363 264 1410 555
290 1341 370 1406 11515
393 1361 474 1422 quas
497 1339 600 1404 fundit
625 1339 732 1423 digitis
755 1339 884 1422 pulsata
907 1345 1095 1424 canentum,

289 1464 321 1521 51
342 1475 445 1539 genus
468 1455 642 1534 agricolum
664 1455 729 1518 late
753 1454 942 1539 sentiscere,
961 1475 1052 1536 quom
1076 1455 1146 1522 Pan

289 1571 387 1654 pinea
410 1567 549 1634 semiferi
573 1569 687 1650 capitis
710 1569 869 1633 velamina
885 1589 1050 1651 quassans

290 1705 370 1749 unco
394 1704 491 1767 saepe
513 1683 604 1745 labro
629 1683 769 1746 calamos
792 1683 949 1766 percurrit
969 1683 1105 1768 hiantis,
1202 1739 1205 1744 .

292 1799 399 1863 fistula
423 1799 598 1862 silvestrem
622 1815 663 1860 ne
687 1804 791 1862 cesset
813 1797 947 1862 fundere
970 1819 1114 1864 musam.

217 1934 267 1980 555
293 1919 399 1977 551515
422 1912 462 1977 (15
485 1930 602 1994 genere
625 1910 685 1975 hoo
707 1919 848 1976 monstra
870 1933 908 1976 ac
930 1919 1076 1997 portenta
1099 1915 1287 1995 loquentur,

291 2047 332 2091 55
354 2027 425 2091 1555
448 2027 576 2091 deserta
599 2025 639 2089 ab
663 2025 743 2090 divis
768 2047 894 2108 quoque
917 2026 999 2092 forte
1021 2033 1169 2110 putentur

289 2143 358 2207 sola
380 2147 509 2206 tenere.
526 2141 600 2205 ideo
624 2140 743 2204 iactant
766 2142 920 2206 miracula
943 2140 1055 2228 dictis,

290 2261 344 2321 aut
366 2256 476 2338 aliqua
498 2256 622 2320 ratione
645 2255 710 2322 alia
732 2255 911 2340 ducuntur,
929 2263 962 2320 ut
985 2277 1077 2322 omne

290 2372 463 2436 humanum
485 2389 586 2453 genus
609 2377 657 2435 551
680 2371 809 2434 avidum
832 2371 916 2434 nimi’
941 2371 1161 2437 miraclorunr.

216 2506 265 2553 555
334 2485 428 2564 Quod
450 2505 545 2568 super
567 2492 633 2561 est,
651 2507 714 2550 uon
739 2493 787 2550 est
809 2485 989 2549 mirandum
1012 2508 1074 2568 qua
1096 2489 1239 2567 ratione,

291 2621 349 2685 per
370 2601 442 2665 loca
466 2619 547 2682 quae
569 2607 732 2682 nequeunt
755 2603 837 2666 oculi
861 2621 911 2665 res
933 2620 1062 2666 eernere
1086 2611 1234 2690 apertas,

294 2715 375 2780 haec
398 2715 469 2780 loca
492 2737 549 2800 per
570 2735 667 2780 voces
689 2715 821 2780 veniant
843 2716 992 2798 aurisque
1015 2716 1193 2797 lacessant,

290 2833 492 2914 conloquium
515 2831 631 2895 clausis
655 2830 776 2894 loribus
800 2851 926 2911 quoque
950 2850 1047 2914 saepe
1069 2832 1122 2895 ubi
1145 2833 1276 2917 demus3

292 2945 325 3008 ni
339 2947 481 3024 mirum,
499 2946 575 3028 quia
598 2964 658 3007 vox
682 2963 739 3027 per
761 2943 846 3007 flexa
868 2944 1026 3009 foramina
1047 2966 1152 3010 rerum
1284 2939 1287 2946 ’

218 3081 268 3127 655
293 3059 460 3124 incolumis
483 3061 620 3125 transire
642 3063 768 3144 potest,
785 3057 955 3122 simulacra
977 3066 1143 3126 renutaut:

292 3173 536 3258 perscinduntur
559 3175 662 3259 enim,
680 3175 740 3238 nisi
763 3178 852 3239 recta
875 3173 1033 3241 foramina
1056 3183 1202 3254 tranant,

294 3289 401 3369 qualia
423 3294 496 3352 sunt
518 3289 630 3372 vitrei,
648 3289 772 3372 species
796 3309 858 3368 qua
880 3290 1017 3354 travolat
1040 3292 1162 3356 omnis.

205 3472 207 3477 ,
292 3408 459 3486 practerea
481 3403 580 3485 partis
602 3403 634 3465 15
659 3409 789 3466 cunctas
813 3402 963 3468 dividitur
984 3426 1066 3488 vor,
1105 3447 1106 3452 κ

194 3557 218 3570 x
292 3537 332 3580 ex
355 3516 427 3580 aliis
450 3515 535 3579 aliae
559 3516 708 3597 quoniam
735 3515 927 3602 gignuntur,
944 3519 999 3582 ubi
1021 3539 1085 3582 una

217 3653 266 3699 555
292 3628 429 3695 dissiluit
451 3630 550 3694 semel
573 3629 606 3692 in
628 3629 746 3692 multas
769 3639 899 3716 exorta,
918 3633 1008 3713 quasi
1032 3614 1114 3715 ignis
1160 3669 1162 3674 ·

292 3763 389 3828 saepe
412 3744 494 3809 solet
516 3743 654 3808 scintilla
675 3763 749 3808 suos
773 3763 807 3808 se
830 3763 981 3827 spargere
1003 3745 1035 3808 in
1058 3747 1161 3829 ignis.

293 3879 367 3944 ergo
391 3858 554 3942 replentur
575 3859 648 3922 loca
672 3857 822 3936 vocibus,
840 3856 951 3921 abdita
971 3865 1054 3925 retro

292 4042 492 4050 —-—-———.—...

296 4161 345 4209 579
366 4161 433 4209 dicta
458 4157 470 4228 11
496 4163 543 4210 581
566 4161 653 4210 saunas
679 4160 691 4228 11
718 4164 767 4211 582
788 4160 900 4210 locanti.
927 4158 939 4227 11
965 4162 1013 4209 587
1034 4161 1157 4209 ullamina
1180 4158 1193 4228 11
1219 4164 1270 4211 590
1289 4163 1377 4214 Ρ51515
1399 4163 1413 4231 11
1469 4133 1473 4140 l

296 4249 346 4296 594
365 4247 551 4297 auricularum.
573 4249 585 4314 11
607 4251 657 4298 598
670 4264 743 4312 saepe
755 4247 884 4298 videmus.
906 4244 919 4316 11
940 4250 990 4297 609
1008 4255 1158 4298 renuntant.
1180 4243 1193 4313 11
1214 4249 1264 4298 693
1284 4258 1375 4300 555515
1396 4251 1408 4318 11

296 4335 346 4381 604
366 4333 459 4382 ubiuu.
768 4333 770 4338 ’
1098 4327 1105 4342 ⁰
