3108 5034
667 365 683 428 1

71 549 112 624 pu
129 554 163 597 an
184 538 332 603 tenebras
355 534 429 604 Orci
452 537 535 602 visat
556 543 730 618 vastasque
752 535 907 614 lacunas,

128 668 162 712 an
183 652 322 733 pecudes
345 653 428 717 alias
453 651 605 716 divinitus
628 651 766 715 insinuet
788 667 844 727 se,

125 761 237 828 Ennius
260 773 293 828 nt
314 773 423 830 noster
446 765 579 842 cecinit,
605 765 657 847 qni
681 764 800 847 primus
826 783 964 830 amoeno

125 874 228 941 detulit
251 899 290 943 ex
314 880 467 945 Helieone
490 881 621 964 perenni
645 878 757 944 fronde
780 897 931 942 coronam
945 921 959 952 ,.

123 994 300 1074 pergentis
322 994 419 1087 ltaias
443 993 605 1057 hominum
630 1013 712 1074 quae
735 991 823 1056 clara
845 991 984 1071 cineret3

72 1121 104 1167 no
122 1107 175 1170 etsi
197 1115 364 1191 praeterea
385 1113 492 1172 tamen
515 1126 586 1172 esse
608 1077 787 1200 acherusia
813 1105 932 1189 templa

121 1219 237 1287 Ennius
260 1223 400 1286 aeternis
422 1223 553 1305 exponit
575 1220 720 1286 versibus
744 1221 870 1296 eidem,

120 1355 178 1418 qno
201 1355 308 1417 neque
331 1341 544 1419 permaneant
565 1335 692 1399 animae
715 1353 819 1418 neque
842 1355 979 1418 corpora
1000 1343 1129 1412 nostra,

119 1449 170 1512 sed
193 1451 351 1531 quaedam
378 1451 550 1515 simulacra
572 1449 677 1514 modis
699 1449 857 1533 pallentia
880 1450 988 1532 minis3

97 1563 200 1628 ·unde
222 1563 286 1629 sibi
310 1571 453 1629 exortam
476 1577 603 1647 semper
623 1564 766 1629 florentis
789 1565 920 1630 Homeri

68 1691 100 1740 tn
120 1686 348 1743 commemorat
370 1679 510 1762 speciem
537 1679 687 1743 lacrimas
708 1678 873 1745 effundere
897 1680 1002 1744 salsas

119 1795 262 1876 coepisse
285 1801 318 1858 et
339 1813 441 1857 rerum
465 1802 612 1857 naturam
636 1791 820 1875 expandere
843 1793 956 1859 dictis.

117 1926 177 1986 qna
200 1912 332 1990 propter
354 1907 438 1971 bene
462 1926 533 1972 cum
556 1907 681 1990 superis
703 1908 743 1971 de
766 1908 862 1972 rebus
886 1908 1037 1973 habenda
1127 1882 1135 1900 ’

116 2023 207 2087 nobis
231 2026 280 2084 est
301 2022 403 2094 natio,
428 2022 506 2086 solis
529 2022 690 2103 lunaeque
711 2026 836 2085 meatus

31 2159 32 2179 1
119 2155 180 2217 qua
201 2137 282 2199 fiant
303 2136 448 2212 ratione,
471 2142 502 2199 et
524 2155 588 2216 qna
610 2135 641 2199 vi
665 2154 811 2216 quaeque
833 2144 984 2219 gerantur

25 2277 29 2336 ᾗ
63 2262 97 2310 co
117 2247 147 2312 in
168 2249 282 2332 terris,
306 2255 369 2312 tum
394 2268 464 2312 cnm
488 2248 600 2331 primis
625 2248 748 2312 ratione
772 2250 881 2332 sagaci

22 2363 26 2483 i
116 2364 198 2429 unde
222 2363 331 2426 anima
354 2370 448 2443 atque
471 2362 566 2425 animi
591 2367 716 2428 constet
737 2369 853 2428 natura
875 2363 1067 2447 videndum,

22 2510 23 2546 t
115 2484 251 2560 atquae
275 2496 326 2541 res
350 2477 441 2542 nobis
464 2477 671 2557 vigilantibus
694 2477 789 2542 obvia
808 2483 931 2542 mentes

22 2577 25 2688 i
117 2593 265 2657 terrificet
287 2592 397 2654 morbo
422 2589 556 2654 adfectis
578 2609 754 2670 somnoque
778 2591 929 2673 sepultis,

117 2725 248 2772 cernere
272 2705 315 2769 nti
338 2704 502 2768 videamur
526 2723 582 2769 eos
604 2702 781 2785 audireque
804 2722 932 2786 coram,

22 2811 95 2883 [135
117 2829 217 2885 morte
240 2821 328 2885 obita
351 2839 483 2902 quornm
508 2820 603 2884 tellus
626 2819 825 2902 amplectitur
848 2837 940 2883 ossa.

156 2938 227 3000 Nec
250 2955 300 2998 me
323 2935 420 2998 animi
442 2935 525 2999 fallit
548 2935 715 2999 Graiorum
739 2936 876 3000 obscura
901 2938 1024 3016 reperta

116 3048 245 3114 difficile
268 3049 440 3114 inlustrare
464 3051 584 3114 Latinis
607 3050 751 3113 versibus
773 3068 864 3131 esse,

116 3165 217 3228 multa
239 3162 331 3226 novis
355 3161 460 3226 verbis
482 3163 670 3245 praesertim
693 3182 764 3225 cum
787 3164 827 3226 sit
849 3162 1012 3243 agendum

116 3283 246 3361 propter
269 3282 443 3357 egestatem
466 3277 596 3359 linguae
619 3283 649 3339 ot
672 3296 775 3341 rernm
800 3276 992 3342 novitatem:

54 3398 107 3454 mo·
120 3393 175 3456 sed
199 3398 256 3456 tua
278 3411 328 3455 me
351 3391 451 3456 virtus
473 3398 581 3456 tamen
604 3398 635 3455 et
657 3399 785 3475 sperata
806 3393 953 3475 voluptas

118 3506 226 3571 suavis
248 3506 406 3572 amicitiae
429 3505 574 3588 quemvis
596 3507 728 3571 sufferre
751 3507 906 3572 laborem·

119 3619 234 3684 suadet
256 3626 288 3684 et
309 3621 430 3685 inducit
451 3626 561 3685 noctes
583 3621 716 3703 vigilare
738 3641 889 3697 serenas,
937 3692 938 3696 ,

121 3740 324 3814 quaerentem
348 3735 440 3799 dictis
463 3735 578 3817 quibus
602 3743 633 3800 et
656 3756 719 3817 quo
742 3736 881 3800 carmine
904 3736 1031 3801 demum

121 3848 208 3912 clara
231 3855 304 3911 tuae
326 3849 444 3932 possim
467 3849 688 3933 praepandere
710 3850 830 3914 lumina
853 3851 968 3934 menti,

52 3975 97 4025 145
122 3981 173 4026 res
194 3963 309 4045 quibus
331 3964 471 4027 occultas
492 3963 618 4044 penitus
641 3965 805 4030 convisere
827 3965 952 4047 possis.

161 4076 255 4142 Hunc
277 4077 373 4159 igitur
396 4084 546 4140 terrorem
570 4077 668 4141 animi
690 4079 905 4159 tenebrasque
926 4080 1090 4143 necessest

122 4327 168 4374 121
190 4325 285 4376 edens.
305 4324 319 4395 Η
342 4330 390 4378 126
410 4327 539 4392 coepisset
558 4339 640 4377 terum
660 4322 673 4395 Η
696 4328 745 4378 130
764 4333 823 4378 tunc
843 4321 857 4394 ss
879 4329 926 4376 141
947 4326 1035 4377 efferre
