3140 5036
709 378 767 441 ΙΠΙ

211 551 279 613 Νο0
302 549 409 614 divina
432 553 535 613 satum
558 549 733 632 genitalem
755 548 885 612 numina
908 549 1056 630 cuiquam

172 665 371 740 absterrent,
387 668 480 747 pater
504 685 524 728 a
547 663 652 744 gnatis
674 683 715 726 ne
739 662 882 727 dulcibus
905 683 1057 744 umquam

87 799 155 845 1235
175 778 354 862 appelletur
376 783 408 843 et
431 783 465 840 ut
487 776 585 842 sterili
608 776 733 842 Venere
755 777 864 859 exigat
885 798 1017 855 aevom3

173 893 258 975 quod
281 892 466 976 plerumque
488 897 620 976 putant,
638 899 669 956 et
690 892 789 956 multo
814 892 971 972 sanguine
993 893 1106 958 maesti

172 1013 390 1090 conspergunt
412 1026 485 1070 aras
509 1007 701 1087 adolentque
724 1008 839 1070 altaria
861 1007 972 1091 donis,

172 1128 207 1186 ut
230 1121 383 1202 gravidas
405 1121 542 1186 reddant
564 1141 680 1186 uxores
703 1121 824 1186 semine
847 1122 957 1204 largo,

171 1255 211 1299 ne
235 1236 408 1316 quiquam,
425 1234 531 1300 divom
554 1256 670 1302 numen
694 1237 851 1318 sortisque
873 1235 1032 1318 fatigant.

86 1370 247 1418 12400001
271 1350 393 1414 steriles
416 1351 547 1414 nimium
571 1370 678 1416 crasso
702 1358 775 1414 sunt
798 1351 918 1414 semine
940 1351 1073 1434 partim,

174 1469 205 1529 et
226 1463 347 1546 liquido
370 1471 497 1548 praeter
519 1466 634 1530 iustum
658 1464 807 1545 tenuique
830 1465 989 1530 vicissim.

173 1585 269 1643 tenve
293 1578 371 1642 loeis
395 1579 556 1660 quianon
580 1579 662 1661 potis
685 1585 734 1642 est
756 1578 897 1658 adfigere
920 1579 1115 1661 adhaesum,

172 1693 302 1774 liquitur
324 1692 484 1776 externplo
508 1699 539 1756 et
561 1698 745 1758 revocatum
768 1692 1007 1757 ceditabortu.

172 1806 311 1872 crassius
334 1806 383 1871 his
406 1827 501 1890 porro
525 1807 676 1888 quoniam
700 1807 877 1870 concretius
900 1827 1003 1888 aequo

87 1943 154 1990 1245
172 1921 322 1998 mittitur,
339 1927 394 1984 aut
417 1942 480 1985 non
501 1928 565 1986 tam
588 1921 712 2006 prolixo
736 1921 882 2004 provolat
903 1921 967 1984 ictu

77 2047 81 2054 '
172 2043 227 2100 aut
249 2043 415 2120 penetrare
440 2037 527 2100 locos
551 2057 654 2117 aeque
677 2035 786 2116 nequit
809 2042 864 2099 001
885 2042 1083 2118 penetratum

170 2171 268 2236 aegre
291 2149 483 2215 admiscetur
507 2149 651 2214 muliebri
675 2149 795 2214 semine
818 2169 946 2214 semen.

170 2286 244 2330 nam
267 2265 398 2328 multum
422 2264 607 2330 harmoniae
631 2262 763 2328 Veneris
786 2261 911 2329 differre
934 2264 1098 2328 ridentur.

172 2387 267 2462 atque
290 2379 372 2444 alias
396 2379 453 2442 alii
476 2377 782 2464 complent-magis,
800 2395 841 2442 ex
863 2377 999 2458 aliisque

86 2516 156 2563 1250
172 2495 349 2579 succipiunt
371 2494 457 2558 aliae
480 2493 605 2578 pondus
628 2494 731 2574 magis
753 2493 849 2572 inque
872 2499 1083 2574 gravescunt.

173 2615 205 2674 et
225 2610 343 2673 multae
366 2608 491 2674 steriles
513 2607 709 2692 Hymenaeis
731 2612 803 2671 ante
825 2606 953 2672 fuerunt

172 2724 335 2808 pluribus,
353 2731 384 2788 et
406 2729 521 2788 nactae
544 2729 616 2806 post
638 2729 712 2786 sunt
733 2728 841 2787 tamen
864 2721 948 2786 unde
971 2721 1095 2804 puellos

172 2840 332 2922 suscipere
356 2845 386 2902 et
407 2845 500 2922 partu
522 2844 656 2922 possent
678 2837 832 2903 ditescere
856 2836 961 2902 dulei.

173 2961 205 3019 et
229 2954 344 3036 quibus
368 2959 442 3016 ante
465 2953 551 3018 domi
574 2953 734 3018 fecundae
757 2973 855 3037 saepe
878 2952 1065 3034 nequissent

85 3087 288 3136 1255010101
310 3087 445 3152 parere,
463 3069 623 3133 inventast
644 3067 709 3132 illis
732 3088 860 3149 quoque
879 3088 1012 3158 compar

89 3231 92 3238 .
171 3190 308 3260 natura,
324 3189 358 3247 ut
380 3189 512 3266 possent
533 3181 641 3264 gnatis
663 3181 786 3246 munire
810 3189 992 3246 senectam.

173 3317 274 3379 usque
297 3297 379 3362 adeo
403 3297 512 3381 magni
536 3296 649 3380 refert,
666 3300 701 3359 ut
722 3295 846 3359 semina
867 3294 991 3378 possint

172 3413 346 3478 seminibus
370 3411 567 3476 commisceri
589 3411 772 3492 genitaliter
794 3417 888 3492 apta,

175 3545 348 3609 crassaque
372 3527 561 3591 conveniant
582 3525 714 3608 liquidis
735 3531 766 3589 et
787 3525 910 3607 liquida
934 3527 1071 3592 crassis.

88 3662 157 3708 1200
174 3647 272 3722 atque
294 3641 326 3704 in
350 3661 387 3706 eo
412 3641 508 3705 refert
531 3659 593 3721 quo
616 3640 701 3704 victu
723 3640 789 3703 1110
811 3640 953 3704 colatur:

173 3775 312 3838 namque
334 3755 407 3819 aliis
428 3755 522 3820 rebus
546 3760 754 3820 concrescunt
775 3755 898 3819 semina
921 3755 1090 3838 membris,

172 3877 267 3952 atque
290 3871 363 3934 aliis
386 3873 597 3934 extenvantur
619 3867 792 3950 ta'nentque
814 3869 976 3934 vicissim.

173 3992 204 4049 et
226 3985 340 4068 quibus
362 3984 434 4066 ipsa
455 3980 559 4045 modis
582 3987 733 4044 tractetur
756 3981 872 4046 blanda
893 3982 1064 4064 voluptas,

178 4262 246 4310 1234
262 4267 361 4324 praeter
380 4255 393 4325 ll
416 4253 610 4324 1243011111
632 4257 699 4304 1244
712 4255 754 4304 hie
775 4251 787 4320 ll
810 4253 989 4303 124710011011
1012 4250 1024 4322 Η
1046 4255 1111 4303 1252
1125 4268 1171 4320 pos
1191 4248 1204 4322 ll
1226 4253 1292 4304 1255

177 4347 270 4398 Uxoris
290 4347 303 4414 Η
326 4348 391 4398 1259
411 4344 565 4396 0001001001
585 4339 598 4411 Η
621 4345 686 4392 1262
706 4342 750 4392 alii
772 4341 786 4412 Η
806 4343 931 4407 tabenque
