3140 5036
687 354 731 416 111
1209 353 1268 416 107

73 548 120 593 880
146 526 218 610 1080
242 505 366 608 quoque
389 543 461 590 esse
484 525 517 589 in
541 542 579 589 eo
602 529 669 588 tum
691 529 854 606 tempore,
871 521 921 585 eui
943 522 1027 586 male
1050 523 1151 604 possit

145 638 313 705 accidere:
329 639 360 702 id
384 639 537 722 quoniam
559 657 645 702 mors
668 637 795 720 eximit,
814 655 946 718 esseque
969 636 1082 719 probet

143 753 237 816 illum
260 753 310 818 001
331 754 457 838 possint
478 751 680 816 incommoda
702 751 884 828 conciliari,

73 887 118 933 see
145 868 228 932 soire
249 867 325 932 licet
347 867 440 933 nobis
463 867 507 930 nil
530 885 601 930 esse
623 867 656 930 in
678 872 779 930 morte
800 864 995 948 timendum,

62 1062 65 1068 Ι
145 1003 205 1046 nee
228 982 380 1046 miserum
401 983 468 1046 fieri
492 981 545 1063 qui
569 1001 632 1044 000
656 987 704 1045 est
726 999 841 1062 00880,
857 999 962 1061 neque
986 979 1084 1043 hilum

143 1096 274 1160 differre
296 1101 370 1159 ante
392 1095 458 1160 ullo
481 1096 574 1160 suerit
594 1096 657 1158 iam
680 1101 822 1177 tempore
844 1099 959 1178 natus,

143 1209 315 1274 mortalem
335 1210 436 1274 vitam
458 1231 543 1275 mors
565 1229 635 1274 oum
659 1208 834 1273 inmortalis
857 1208 997 1273 ademit.

73 1344 120 1390 suo
188 1323 329 1388 Proinde
351 1323 405 1386 ubi
429 1344 463 1388 se
485 1323 596 1390 videas
618 1322 778 1386 hominem
801 1322 1000 1404 indignarier
1022 1323 1145 1406 ipsum,

143 1445 219 1522 post
240 1443 374 1502 mortem
396 1437 464 1502 fore
487 1441 522 1498 ut
544 1441 599 1500 aut
620 1440 766 1518 putescat
788 1455 920 1521 oorpore
943 1444 1035 1520 posto

143 1558 200 1616 aut
222 1551 360 1616 flammis
382 1549 520 1617 interfiat
540 1549 675 1613 malisve
697 1550 856 1635 ferarum,

144 1669 226 1732 soire
250 1666 324 1730 lieet
345 1687 408 1730 non
433 1665 591 1729 sincerum
614 1684 746 1749 sonere,
763 1671 858 1747 atque
880 1665 1013 1731 subesse

145 1801 277 1846 oaeoum
300 1780 440 1861 aliquem
463 1779 551 1843 cordi
574 1779 754 1863 stimulum,
772 1781 917 1862 quamvis
939 1787 1034 1863 neget
1055 1780 1125 1864 ipse

77 1915 121 1961 sto
145 1896 277 1960 eredere
301 1913 336 1959 80
359 1913 550 1976 quemquam
574 1893 635 1958 sibi
657 1913 785 1958 sensum
808 1895 963 1988 inmorte
984 1893 1143 1959 futurum:

88 2025 90 2030 ·
142 2029 206 2074 000
222 2060 229 2087 ,
246 2014 281 2072 ut
304 2008 435 2092 opinor,
452 2007 535 2072 enim
559 2006 615 2070 dat
638 2010 723 2088 quod
744 2009 898 2092 promittit
920 2015 951 2074 et
973 2009 1078 2094 unde,

145 2143 205 2188 neo
228 2122 380 2187 radicitus
404 2142 421 2186 0
443 2121 509 2186 vita
532 2141 567 2186 se
590 2122 673 2186 tollit
695 2129 725 2186 et
747 2123 839 2200 eicit,
940 2147 943 2156 ¹

80 2221 85 2238 ’
147 2238 202 2303 sed
226 2237 304 2302 facit
326 2256 397 2302 esse
420 2237 468 2301 sui
491 2235 645 2317 quiddam
668 2255 763 2319 super
785 2237 904 2300 insoius
926 2237 1015 2320 ipse.

143 2352 235 2417 vivus
258 2351 341 2416 enim
363 2351 424 2416 sibi
448 2371 518 2415 oum
541 2350 691 2434 proponit
714 2351 848 2432 quisque
870 2351 1029 2429 sutorum,

77 2481 121 2530 880
145 2485 262 2552 oorpus
285 2465 330 2529 uti
352 2466 500 2530 volueres
523 2466 719 2530 1000000110
740 2473 843 2532 morte
865 2468 1037 2552 feraeque,

144 2580 212 2665 ipse
238 2581 286 2646 sui
308 2580 452 2646 miseret:
470 2601 575 2663 neque
598 2581 681 2645 enim
704 2601 738 2646 80
761 2581 874 2652 dividit
896 2583 975 2645 illim

145 2714 202 2760 000
225 2702 368 2760 removet
391 2695 526 2773 satis‚a
548 2695 690 2780 proieoto
714 2717 864 2780 corpore,
882 2701 913 2761 et
935 2697 1023 2761 illum

145 2817 178 2874 se
201 2809 293 2893 fingit
314 2829 475 2892 sensuque
499 2795 556 2877 suo
579 2811 774 2876 oontaminat
796 2817 925 2877 astans:

144 2922 216 2990 hine
239 2924 423 3008 indignatur
444 2945 480 2991 se
503 2928 669 2992 mortalem
694 2948 765 2994 esse
788 2934 948 3005 creatum,

77 3051 121 3102 888
145 3057 203 3104 000
226 3039 313 3105 videt
334 3039 367 3104 in
388 3059 464 3106 vera
486 3042 607 3106 nullum
629 3042 699 3108 fore
722 3049 821 3107 morte
843 3043 941 3108 alium
964 3063 1018 3128 80,

145 3155 197 3233 001
219 3141 321 3240 possit
343 3155 434 3222 vivus
458 3155 518 3221 sibi
540 3175 575 3220 se
597 3156 706 3240 lugere
729 3163 949 3242 peremptum,

144 3273 296 3352 stansque
317 3271 475 3336 iaoentem
498 3290 532 3335 se
556 3270 691 3334 laoerari
714 3271 803 3337 urive
827 3271 955 3337 dolere.

145 3400 217 3446 nam
242 3385 323 3448 8110
346 3392 445 3451 morte
469 3385 619 3450 malumst
642 3387 736 3450 malis
758 3405 930 3468 morsuque
952 3385 1093 3451 ferarum

146 3498 296 3583 tractari,
313 3519 377 3562 non
399 3499 526 3566 invenio
551 3500 605 3582 qui
627 3520 693 3565 non
715 3500 755 3565 sit
778 3501 929 3566 acerbum

78 3619 122 3669 800
145 3606 269 3692 ignibus
292 3613 466 3698 inpositurn
488 3615 601 3698 palidis
623 3620 798 3680 torrescere
821 3614 976 3700 flammis,

145 3728 254 3792 autin
276 3729 370 3793 melle
392 3729 486 3793 situm
509 3729 659 3794 suffocari
682 3735 778 3812 atque
801 3730 905 3812 rigere

152 4025 200 4075 863
214 4044 275 4078 mox
295 4026 308 4096 Η
328 4030 451 4094 prohibe.
472 4025 485 4098 Η
506 4033 556 4080 868
570 4031 674 4080 annullo
687 4031 764 4080 anulo
785 4028 798 4099 Η
818 4033 867 4080 871
888 4039 959 4093 putes
979 4027 992 4098 Η
1012 4033 1109 4080 87300
1129 4027 1142 4099 Η
1163 4033 1212 4080 877
1226 4046 1265 4080 ra·

150 4112 249 4166 dicitius
270 4113 283 4186 Η
304 4119 354 4167 880
368 4117 480 4168 iacerent
500 4115 513 4190 Η
534 4120 583 4168 886
598 4119 646 4170 Cui
668 4115 681 4189 Η
702 4119 751 4167 887
765 4133 791 4170 80
804 4118 943 4169 optimum.
965 4115 977 4186 Η
998 4114 1130 4187 (10100οΗ
1151 4119 1266 4170 890108-

150 4214 285 4260 rereseoere
