3140 5036
275 331 335 394 166
820 319 848 384 V

199 517 250 563 270
274 493 423 558 materies
445 490 564 555 umoris
586 494 617 554 et
640 488 682 552 ad
704 495 799 572 caput
821 487 968 553 amnibus
990 487 1093 552 omnis

276 606 441 690 convenit,
456 603 532 669 inde
555 623 650 686 super
671 609 772 666 terras
793 600 862 665 fluit
883 600 1009 684 agmine
1032 599 1117 666 dulci

275 740 340 802 qua
360 718 413 784 via
434 723 524 783 secta
546 717 645 782 semel
666 715 787 806 liquido
809 715 894 799 pede
916 714 1029 778 detulit
1050 713 1174 780 undas.

315 836 398 898 Adra
420 851 503 897 nune
524 831 620 914 igitur
643 829 768 916 dicam,
786 829 840 912 qui
863 849 996 911 corpore
1019 832 1085 891 tcto

275 945 551 1011 innumerabiliter
572 943 680 1027 privas
704 947 843 1006 mutatur
864 943 898 1006 in
919 944 1037 1008 horas.

201 1081 251 1128 arn
277 1045 403 1143 semper
424 1058 529 1135 enim,
547 1055 632 1138 quod
656 1075 788 1138 cumque
810 1055 877 1120 fluit
899 1056 939 1122 de
961 1056 1077 1132 rebus,
1091 1055 1125 1118 id
1148 1076 1242 1120 omne

278 1173 362 1239 aeris
384 1173 418 1236 in
440 1190 592 1253 magnum
614 1169 714 1234 fertur
737 1189 824 1234 mare
838 1194 846 1248 ;
862 1171 916 1253 qni
937 1170 999 1236 nisi
1021 1175 1131 1234 contra

276 1307 409 1370 corpora
433 1284 587 1349 retribuat
609 1284 704 1348 rebus
728 1290 910 1366 recreetque
932 1283 1079 1360 fluentis,

276 1401 383 1466 omnia
405 1399 468 1463 iam
491 1398 633 1463 resoluta
654 1398 759 1462 forent
782 1405 813 1462 et
835 1399 869 1462 in
891 1405 968 1464 aera
989 1417 1101 1462 versa:

275 1513 354 1600 haut
375 1512 470 1594 igitur
493 1517 599 1576 cessat
621 1512 710 1594 gigni
733 1513 773 1577 de
797 1511 892 1576 rebus
914 1518 946 1576 et
967 1513 1001 1575 in
1022 1531 1074 1577 res

203 1645 253 1692 280
278 1625 460 1708 reccidere,
477 1623 611 1688 adsidue
635 1626 786 1706 qnoniam
809 1625 909 1690 fluere
932 1627 1040 1691 omnia
1062 1630 1205 1690 constat.

316 1741 439 1820 Largus
461 1738 536 1801 item
558 1737 672 1820 liquidi
695 1738 767 1804 funs
790 1738 939 1822 luminis,
956 1739 1117 1804 aetherius
1140 1739 1209 1823 sul,

278 1851 397 1932 inrigat
419 1849 555 1916 adsidue
578 1853 704 1917 caelum
728 1853 869 1918 candore
891 1853 1011 1918 recenti

249 1963 255 1976 '
281 1965 527 2049 suppeditatque
549 1985 632 2031 novo
656 1965 823 2031 confestim
844 1967 964 2032 lumine
987 1967 1113 2032 lumen.

278 2101 352 2144 nam
374 2079 509 2164 primum
533 2079 684 2162 quicquid
706 2080 842 2166 fulguris
865 2081 999 2166 disperit
1022 2081 1071 2158 ei,

165 2219 167 2224 ·
206 2214 256 2262 aas
284 2213 346 2275 qnc
370 2213 505 2276 cumque
527 2177 663 2261 accidit.
679 2195 713 2260 id
734 2196 808 2260 licet
828 2194 903 2259 hinc
925 2214 1120 2278 cognoscere
1142 2197 1267 2279 possis,

276 2308 362 2391 quod
384 2307 479 2372 simul
502 2329 542 2373 ac
565 2310 702 2393 primum
724 2311 827 2374 nubes
850 2307 1022 2373 succedere
1045 2309 1104 2374 soli

278 2442 412 2506 coepere
436 2429 468 2488 et
490 2423 598 2488 radios
620 2424 703 2488 inter
727 2425 818 2506 quasi
841 2441 987 2506 rumpere
1009 2423 1109 2508 lucis,
1179 2445 1184 2454 ·

277 2537 437 2620 extemplo
459 2537 589 2602 inferior
610 2559 687 2623 pars
711 2540 821 2602 horum
845 2537 978 2622 disperit
1001 2539 1124 2624 omnis,

274 2657 422 2732 terraque
444 2651 640 2718 inumbratur
663 2674 727 2735 qua
750 2652 849 2716 nimbi
873 2672 1007 2734 cumque
1029 2652 1191 2737 feruntnr3

202 2785 252 2834 aas
279 2771 313 2829 ut
334 2785 448 2832 noscas
471 2747 643 2850 splenddre
661 2788 748 2831 novo
772 2786 823 2832 res
846 2786 971 2850 semper
994 2785 1109 2850 egere,

276 2885 307 2946 et
328 2881 463 2964 primum
486 2881 601 2946 iactum
624 2879 759 2964 fulgoris
783 2899 940 2962 quemque
962 2879 1087 2964 perire,

278 3014 336 3060 nec
358 2993 482 3060 ratione
505 2995 571 3058 alia
593 3015 644 3060 res
666 3015 762 3080 posse
784 2995 817 3060 in
840 2997 908 3061 sole
930 2995 1054 3080 videri,

187 3152 190 3157 -
276 3114 429 3202 perpetuo
452 3108 486 3172 ni
508 3109 690 3194 suppeditet
711 3112 792 3177 lucis
815 3118 911 3196 capnt
933 3113 1058 3195 ipsum.

277 3223 352 3306 quin
375 3221 470 3288 etiam
493 3231 648 3289 nocturna
671 3225 746 3303 tibi,
763 3227 927 3292 terrestria
949 3247 1030 3309 qnae
1053 3233 1156 3310 sunt,-

203 3359 252 3406 295
277 3338 417 3414 lumina,
433 3335 610 3421 pendentes
633 3338 741 3423 lychni
764 3339 937 3422 claraeque
960 3342 1097 3412 curuscis

276 3450 455 3534 fulguribus
478 3437 615 3534 pingues
638 3453 739 3516 multa
762 3455 900 3538 caligine
921 3455 1036 3519 taedae

277 3563 434 3630 consimili
456 3573 628 3650 properant
649 3567 791 3650 ratione,
810 3567 927 3634 ardore
950 3568 1113 3650 ministro,

276 3678 480 3763 suppeditare
503 3701 618 3744 novom
640 3679 766 3759 lumen,
783 3685 918 3745 tremere
940 3681 1067 3764 ignibus
1089 3658 1227 3759 instant,

276 3793 419 3871 instant,
435 3793 590 3858 nec·luca
612 3794 667 3858 lux
688 3795 769 3860 inter
792 3795 885 3876 qnasi
907 3801 1001 3880 rupta
1023 3795 1193 3878 relinquit:

201 3925 251 3972 300
276 3925 378 3988 nsque
401 3907 482 3974 adeo
505 3914 715 3994 properanter
737 3909 779 3974 ab
804 3911 949 3976 omnibus
970 3909 1099 3996 ignibus
1121 3909 1151 3973 ei

276 4082 477 4090 —-—-..—.

278 4184 328 4230 272
347 4184 423 4232 semel
440 4191 508 4232 secta
526 4185 602 4234 semel
622 4180 636 4252 Η
657 4187 707 4232 274
726 4201 799 4234 oras.
826 4182 839 4252 Η
866 4186 916 4233 282
936 4185 1051 4248 regenti.
1075 4181 1088 4250 Η
1113 4185 1163 4232 288
1183 4181 1288 4246 disparis
1313 4179 1327 4252 Η
1348 4184 1397 4232 291

278 4269 313 4320 Ut
333 4267 346 4334 Η
368 4271 417 4321 293
437 4269 569 4335 suppedite
591 4269 604 4338 Η
624 4275 674 4322 225
694 4272 781 4336 lyclini
802 4270 816 4342 Η
837 4275 886 4321 227
906 4271 1037 4336 proferant
