<?xml version="1.0" encoding="UTF-8"?>
<!DOCTYPE html PUBLIC "-//W3C//DTD XHTML 1.0 Transitional//EN"
    "http://www.w3.org/TR/xhtml1/DTD/xhtml1-transitional.dtd">
<html xmlns="http://www.w3.org/1999/xhtml" xml:lang="en" lang="en">
 <head>
  <title>
</title>
<meta http-equiv="Content-Type" content="text/html;charset=utf-8" />
  <meta name='ocr-system' content='tesseract 3.04.00' />
  <meta name='ocr-capabilities' content='ocr_page ocr_carea ocr_par ocr_line ocrx_word'/>
</head>
<body>
  <div class='ocr_page' id='page_1' title='image "./tlucreticarider25carugoog_0169.png"; bbox 0 0 3140 5036; ppageno 0'>
   <div class='ocr_carea' id='block_1_1' title="bbox 284 299 855 384">
    <p class='ocr_par' dir='ltr' id='par_1_1' title="bbox 284 299 855 384">
     <span class='ocr_line' id='line_1_1' title="bbox 284 299 855 384; baseline -0.007 -2"><span class='ocrx_word' id='word_1_1' title='bbox 284 318 344 384; x_wconf 82' lang='grc'>155</span> <span class='ocrx_word' id='word_1_2' title='bbox 552 299 568 340; x_wconf 83' lang='grc'>’·</span> <span class='ocrx_word' id='word_1_3' title='bbox 826 313 855 378; x_wconf 88' lang='lat' dir='ltr'>v</span> 
     </span>
    </p>
   </div>
   <div class='ocr_carea' id='block_1_2' title="bbox 201 471 1241 1712">
    <p class='ocr_par' dir='ltr' id='par_1_2' title="bbox 201 471 1161 1132">
     <span class='ocr_line' id='line_1_2' title="bbox 201 471 1096 567; baseline 0 -19"><span class='ocrx_word' id='word_1_4' title='bbox 201 471 205 480; x_wconf 72' lang='grc'><strong>’</strong></span> <span class='ocrx_word' id='word_1_5' title='bbox 278 484 366 550; x_wconf 90' lang='lat' dir='ltr'>haud</span> <span class='ocrx_word' id='word_1_6' title='bbox 390 483 486 566; x_wconf 88' lang='lat' dir='ltr'>igitur</span> <span class='ocrx_word' id='word_1_7' title='bbox 508 487 654 549; x_wconf 80' lang='lat' dir='ltr'><strong>constant</strong></span> <span class='ocrx_word' id='word_1_8' title='bbox 677 481 791 558; x_wconf 18' lang='lat' dir='ltr'>divino!</span> <span class='ocrx_word' id='word_1_9' title='bbox 808 483 957 567; x_wconf 88' lang='lat' dir='ltr'>praedita</span> <span class='ocrx_word' id='word_1_10' title='bbox 980 503 1096 561; x_wconf 83' lang='lat' dir='ltr'>sensu,</span> 
     </span>
     <span class='ocr_line' id='line_1_3' title="bbox 207 597 1161 680; baseline -0.003 -15"><span class='ocrx_word' id='word_1_11' title='bbox 207 619 254 667; x_wconf 84' lang='grc'>145</span> <span class='ocrx_word' id='word_1_12' title='bbox 282 597 542 680; x_wconf 84' lang='lat' dir='ltr'>quandoquidem</span> <span class='ocrx_word' id='word_1_13' title='bbox 563 602 725 680; x_wconf 91' lang='lat' dir='ltr'>nequeunt</span> <span class='ocrx_word' id='word_1_14' title='bbox 747 597 883 662; x_wconf 86' lang='lat' dir='ltr'>vitaliter</span> <span class='ocrx_word' id='word_1_15' title='bbox 906 617 977 664; x_wconf 88' lang='lat' dir='ltr'>esse</span> <span class='ocrx_word' id='word_1_16' title='bbox 1000 599 1161 664; x_wconf 85' lang='lat' dir='ltr'>animata.</span> 
     </span>
     <span class='ocr_line' id='line_1_4' title="bbox 317 711 1123 795; baseline 0 -18"><span class='ocrx_word' id='word_1_17' title='bbox 317 712 402 777; x_wconf 93' lang='lat' dir='ltr'>Illud</span> <span class='ocrx_word' id='word_1_18' title='bbox 424 711 499 776; x_wconf 87' lang='lat' dir='ltr'>item</span> <span class='ocrx_word' id='word_1_19' title='bbox 522 733 587 776; x_wconf 92' lang='lat' dir='ltr'>non</span> <span class='ocrx_word' id='word_1_20' title='bbox 609 719 658 777; x_wconf 90' lang='grc'>551</span> <span class='ocrx_word' id='word_1_21' title='bbox 679 717 713 776; x_wconf 91' lang='lat' dir='ltr'>ut</span> <span class='ocrx_word' id='word_1_22' title='bbox 734 712 840 795; x_wconf 88' lang='lat' dir='ltr'>possis</span> <span class='ocrx_word' id='word_1_23' title='bbox 862 713 1012 792; x_wconf 86' lang='lat' dir='ltr'>eredere,</span> <span class='ocrx_word' id='word_1_24' title='bbox 1029 713 1123 778; x_wconf 90' lang='lat' dir='ltr'>sedes</span> 
     </span>
     <span class='ocr_line' id='line_1_5' title="bbox 280 821 1090 911; baseline -0.005 -17"><span class='ocrx_word' id='word_1_25' title='bbox 280 847 351 894; x_wconf 89' lang='lat' dir='ltr'>esse</span> <span class='ocrx_word' id='word_1_26' title='bbox 371 827 465 893; x_wconf 90' lang='lat' dir='ltr'>deum</span> <span class='ocrx_word' id='word_1_27' title='bbox 488 833 615 894; x_wconf 87' lang='lat' dir='ltr'>sanetas</span> <span class='ocrx_word' id='word_1_28' title='bbox 637 827 671 890; x_wconf 93' lang='lat' dir='ltr'>in</span> <span class='ocrx_word' id='word_1_29' title='bbox 693 821 802 892; x_wconf 92' lang='lat' dir='ltr'>mundi</span> <span class='ocrx_word' id='word_1_30' title='bbox 826 826 972 911; x_wconf 88' lang='lat' dir='ltr'>partibus</span> <span class='ocrx_word' id='word_1_31' title='bbox 995 827 1090 891; x_wconf 90' lang='lat' dir='ltr'>ullis.</span> 
     </span>
     <span class='ocr_line' id='line_1_6' title="bbox 277 941 1067 1024; baseline 0 -18"><span class='ocrx_word' id='word_1_32' title='bbox 277 942 379 1007; x_wconf 86' lang='lat' dir='ltr'>tenvis</span> <span class='ocrx_word' id='word_1_33' title='bbox 402 943 486 1009; x_wconf 89' lang='lat' dir='ltr'>enim</span> <span class='ocrx_word' id='word_1_34' title='bbox 508 947 624 1007; x_wconf 88' lang='lat' dir='ltr'>natura</span> <span class='ocrx_word' id='word_1_35' title='bbox 647 942 741 1006; x_wconf 91' lang='lat' dir='ltr'>deum</span> <span class='ocrx_word' id='word_1_36' title='bbox 763 941 922 1024; x_wconf 82' lang='lat' dir='ltr'>longeque</span> <span class='ocrx_word' id='word_1_37' title='bbox 945 947 1067 1007; x_wconf 89' lang='lat' dir='ltr'>remota</span> 
     </span>
     <span class='ocr_line' id='line_1_7' title="bbox 278 1055 1116 1132; baseline -0.006 -10"><span class='ocrx_word' id='word_1_38' title='bbox 278 1057 426 1122; x_wconf 82' lang='lat' dir='ltr'>sensibus</span> <span class='ocrx_word' id='word_1_39' title='bbox 448 1057 490 1121; x_wconf 89' lang='lat' dir='ltr'>ab</span> <span class='ocrx_word' id='word_1_40' title='bbox 514 1057 629 1122; x_wconf 88' lang='lat' dir='ltr'>nostris</span> <span class='ocrx_word' id='word_1_41' title='bbox 651 1057 748 1121; x_wconf 88' lang='lat' dir='ltr'>animi</span> <span class='ocrx_word' id='word_1_42' title='bbox 769 1056 824 1121; x_wconf 84' lang='lat' dir='ltr'>vix</span> <span class='ocrx_word' id='word_1_43' title='bbox 846 1062 951 1120; x_wconf 86' lang='lat' dir='ltr'>mente</span> <span class='ocrx_word' id='word_1_44' title='bbox 974 1055 1116 1132; x_wconf 88' lang='lat' dir='ltr'>videtur;</span> 
     </span>
    </p>

    <p class='ocr_par' dir='ltr' id='par_1_3' title="bbox 206 1160 1241 1712">
     <span class='ocr_line' id='line_1_8' title="bbox 206 1160 1197 1253; baseline -0.002 -19"><span class='ocrx_word' id='word_1_45' title='bbox 206 1189 254 1236; x_wconf 90' lang='grc'>155</span> <span class='ocrx_word' id='word_1_46' title='bbox 281 1160 364 1253; x_wconf 86' lang='lat' dir='ltr'>quae</span> <span class='ocrx_word' id='word_1_47' title='bbox 388 1172 538 1253; x_wconf 87' lang='lat' dir='ltr'>quoniam</span> <span class='ocrx_word' id='word_1_48' title='bbox 559 1193 711 1237; x_wconf 88' lang='lat' dir='ltr'>manuum</span> <span class='ocrx_word' id='word_1_49' title='bbox 733 1176 853 1236; x_wconf 87' lang='lat' dir='ltr'>tautum</span> <span class='ocrx_word' id='word_1_50' title='bbox 875 1170 1005 1251; x_wconf 87' lang='lat' dir='ltr'>suffugit</span> <span class='ocrx_word' id='word_1_51' title='bbox 1027 1176 1059 1235; x_wconf 86' lang='lat' dir='ltr'>et</span> <span class='ocrx_word' id='word_1_52' title='bbox 1081 1169 1197 1252; x_wconf 83' lang='grc'><strong>15111111,</strong></span> 
     </span>
     <span class='ocr_line' id='line_1_9' title="bbox 278 1284 1085 1370; baseline 0 -22"><span class='ocrx_word' id='word_1_53' title='bbox 278 1285 384 1350; x_wconf 91' lang='grc'><strong>1551115</strong></span> <span class='ocrx_word' id='word_1_54' title='bbox 408 1286 451 1349; x_wconf 93' lang='lat' dir='ltr'>nil</span> <span class='ocrx_word' id='word_1_55' title='bbox 474 1286 567 1351; x_wconf 93' lang='lat' dir='ltr'>nobis</span> <span class='ocrx_word' id='word_1_56' title='bbox 590 1285 676 1368; x_wconf 88' lang='lat' dir='ltr'>quod</span> <span class='ocrx_word' id='word_1_57' title='bbox 699 1285 739 1351; x_wconf 89' lang='lat' dir='ltr'>sit</span> <span class='ocrx_word' id='word_1_58' title='bbox 762 1285 946 1370; x_wconf 81' lang='lat' dir='ltr'>contingere</span> <span class='ocrx_word' id='word_1_59' title='bbox 969 1284 1085 1350; x_wconf 88' lang='lat' dir='ltr'>debet:</span> 
     </span>
     <span class='ocr_line' id='line_1_10' title="bbox 278 1378 1241 1496; baseline -0.001 -33"><span class='ocrx_word' id='word_1_60' title='bbox 278 1405 411 1484; x_wconf 87' lang='lat' dir='ltr'>tangere</span> <span class='ocrx_word' id='word_1_61' title='bbox 434 1401 516 1464; x_wconf 91' lang='lat' dir='ltr'>enim</span> <span class='ocrx_word' id='word_1_62' title='bbox 539 1378 603 1496; x_wconf 86' lang='lat' dir='ltr'>non</span> <span class='ocrx_word' id='word_1_63' title='bbox 627 1399 694 1482; x_wconf 91' lang='lat' dir='ltr'>quit</span> <span class='ocrx_word' id='word_1_64' title='bbox 716 1401 802 1482; x_wconf 91' lang='lat' dir='ltr'>quod</span> <span class='ocrx_word' id='word_1_65' title='bbox 824 1401 912 1484; x_wconf 90' lang='lat' dir='ltr'>tangi</span> <span class='ocrx_word' id='word_1_66' title='bbox 934 1421 997 1464; x_wconf 88' lang='lat' dir='ltr'>non</span> <span class='ocrx_word' id='word_1_67' title='bbox 1020 1399 1096 1464; x_wconf 85' lang='lat' dir='ltr'>lieet</span> <span class='ocrx_word' id='word_1_68' title='bbox 1117 1399 1241 1482; x_wconf 87' lang='lat' dir='ltr'>ipsum.</span> 
     </span>
     <span class='ocr_line' id='line_1_11' title="bbox 280 1500 1151 1596; baseline 0.001 -19"><span class='ocrx_word' id='word_1_69' title='bbox 280 1534 378 1596; x_wconf 88' lang='lat' dir='ltr'>quare</span> <span class='ocrx_word' id='word_1_70' title='bbox 402 1513 496 1577; x_wconf 87' lang='lat' dir='ltr'>etiam</span> <span class='ocrx_word' id='word_1_71' title='bbox 519 1515 612 1580; x_wconf 83' lang='lat' dir='ltr'>sedes</span> <span class='ocrx_word' id='word_1_72' title='bbox 636 1533 763 1596; x_wconf 90' lang='lat' dir='ltr'>quoque</span> <span class='ocrx_word' id='word_1_73' title='bbox 785 1515 904 1580; x_wconf 90' lang='lat' dir='ltr'>nostris</span> <span class='ocrx_word' id='word_1_74' title='bbox 927 1500 1151 1596; x_wconf 75' lang='grc'><strong>55111111155555</strong></span> 
     </span>
     <span class='ocr_line' id='line_1_12' title="bbox 279 1627 1110 1712; baseline 0 -21"><span class='ocrx_word' id='word_1_75' title='bbox 279 1627 451 1693; x_wconf 88' lang='lat' dir='ltr'>dissimiles</span> <span class='ocrx_word' id='word_1_76' title='bbox 474 1627 612 1711; x_wconf 82' lang='lat' dir='ltr'>debent,</span> <span class='ocrx_word' id='word_1_77' title='bbox 630 1634 756 1694; x_wconf 89' lang='lat' dir='ltr'>tenuest</span> <span class='ocrx_word' id='word_1_78' title='bbox 777 1629 805 1694; x_wconf 92' lang='lat' dir='ltr'>si</span> <span class='ocrx_word' id='word_1_79' title='bbox 828 1629 934 1712; x_wconf 90' lang='lat' dir='ltr'>eorpu&#39;</span> <span class='ocrx_word' id='word_1_80' title='bbox 956 1627 1110 1706; x_wconf 90' lang='lat' dir='ltr'>deorum;</span> 
     </span>
    </p>
   </div>
   <div class='ocr_carea' id='block_1_3' title="bbox 101 1741 1096 1827">
    <p class='ocr_par' dir='ltr' id='par_1_4' title="bbox 101 1741 1096 1827">
     <span class='ocr_line' id='line_1_13' title="bbox 101 1741 1096 1827; baseline 0.002 -23"><span class='ocrx_word' id='word_1_81' title='bbox 101 1797 104 1804; x_wconf 91' lang='lat'><em>.</em></span> <span class='ocrx_word' id='word_1_82' title='bbox 206 1763 253 1810; x_wconf 91' lang='grc'>155</span> <span class='ocrx_word' id='word_1_83' title='bbox 280 1762 363 1824; x_wconf 89' lang='lat' dir='ltr'>quae</span> <span class='ocrx_word' id='word_1_84' title='bbox 386 1741 443 1806; x_wconf 92' lang='lat' dir='ltr'>tibi</span> <span class='ocrx_word' id='word_1_85' title='bbox 464 1743 624 1826; x_wconf 87' lang='lat' dir='ltr'>posterius</span> <span class='ocrx_word' id='word_1_86' title='bbox 647 1743 739 1826; x_wconf 88' lang='lat' dir='ltr'>largo</span> <span class='ocrx_word' id='word_1_87' title='bbox 763 1762 908 1808; x_wconf 88' lang='lat' dir='ltr'>sermone</span> <span class='ocrx_word' id='word_1_88' title='bbox 930 1743 1096 1827; x_wconf 80' lang='lat' dir='ltr'><strong>probabo.</strong></span> 
     </span>
    </p>
   </div>
   <div class='ocr_carea' id='block_1_4' title="bbox 198 1827 1247 4111">
    <p class='ocr_par' dir='ltr' id='par_1_5' title="bbox 278 1827 1136 2283">
     <span class='ocr_line' id='line_1_14' title="bbox 279 1827 1107 1941; baseline 0.002 -21"><span class='ocrx_word' id='word_1_89' title='bbox 279 1856 384 1922; x_wconf 86' lang='grc'><strong>(115515</strong></span> <span class='ocrx_word' id='word_1_90' title='bbox 406 1876 500 1940; x_wconf 91' lang='lat' dir='ltr'>porro</span> <span class='ocrx_word' id='word_1_91' title='bbox 523 1827 685 1920; x_wconf 69' lang='lat' dir='ltr'>hbminum</span> <span class='ocrx_word' id='word_1_92' title='bbox 708 1876 807 1920; x_wconf 88' lang='lat' dir='ltr'>eausa</span> <span class='ocrx_word' id='word_1_93' title='bbox 829 1855 1107 1941; x_wconf 80' lang='lat' dir='ltr'>voluissepmars</span> 
     </span>
     <span class='ocr_line' id='line_1_15' title="bbox 278 1971 1050 2055; baseline 0.004 -22"><span class='ocrx_word' id='word_1_94' title='bbox 278 1971 479 2054; x_wconf 86' lang='lat' dir='ltr'>praeclaram</span> <span class='ocrx_word' id='word_1_95' title='bbox 503 1971 611 2035; x_wconf 89' lang='lat' dir='ltr'>mundi</span> <span class='ocrx_word' id='word_1_96' title='bbox 634 1975 799 2055; x_wconf 87' lang='lat' dir='ltr'>naturam,</span> <span class='ocrx_word' id='word_1_97' title='bbox 816 1978 1050 2055; x_wconf 84' lang='lat' dir='ltr'>proptereaque</span> 
     </span>
     <span class='ocr_line' id='line_1_16' title="bbox 279 2083 1010 2167; baseline 0.004 -20"><span class='ocrx_word' id='word_1_98' title='bbox 279 2083 484 2148; x_wconf 85' lang='lat' dir='ltr'>adlaudabile</span> <span class='ocrx_word' id='word_1_99' title='bbox 507 2103 587 2167; x_wconf 92' lang='lat' dir='ltr'>opus</span> <span class='ocrx_word' id='word_1_100' title='bbox 610 2084 715 2150; x_wconf 87' lang='lat' dir='ltr'>divom</span> <span class='ocrx_word' id='word_1_101' title='bbox 737 2085 873 2150; x_wconf 89' lang='lat' dir='ltr'>laudare</span> <span class='ocrx_word' id='word_1_102' title='bbox 896 2087 1010 2151; x_wconf 88' lang='lat' dir='ltr'>deoere</span> 
     </span>
     <span class='ocr_line' id='line_1_17' title="bbox 280 2200 1136 2283; baseline 0 -19"><span class='ocrx_word' id='word_1_103' title='bbox 280 2204 507 2280; x_wconf 81' lang='lat' dir='ltr'>aeternumque</span> <span class='ocrx_word' id='word_1_104' title='bbox 529 2203 642 2283; x_wconf 88' lang='lat' dir='ltr'>putare</span> <span class='ocrx_word' id='word_1_105' title='bbox 665 2205 762 2281; x_wconf 85' lang='lat' dir='ltr'>atque</span> <span class='ocrx_word' id='word_1_106' title='bbox 784 2200 954 2266; x_wconf 87' lang='lat' dir='ltr'>inmortale</span> <span class='ocrx_word' id='word_1_107' title='bbox 976 2201 1136 2277; x_wconf 85' lang='lat' dir='ltr'>futurum,</span> 
     </span>
    </p>

    <p class='ocr_par' dir='ltr' id='par_1_6' title="bbox 206 2313 1103 2627">
     <span class='ocr_line' id='line_1_18' title="bbox 206 2313 1103 2396; baseline 0 -18"><span class='ocrx_word' id='word_1_108' title='bbox 206 2332 255 2380; x_wconf 88' lang='grc'>155</span> <span class='ocrx_word' id='word_1_109' title='bbox 280 2333 341 2378; x_wconf 87' lang='lat' dir='ltr'>nee</span> <span class='ocrx_word' id='word_1_110' title='bbox 362 2313 413 2378; x_wconf 86' lang='lat' dir='ltr'>fas</span> <span class='ocrx_word' id='word_1_111' title='bbox 437 2333 527 2393; x_wconf 85' lang='lat' dir='ltr'>esse,</span> <span class='ocrx_word' id='word_1_112' title='bbox 544 2315 638 2378; x_wconf 90' lang='lat' dir='ltr'>deum</span> <span class='ocrx_word' id='word_1_113' title='bbox 661 2313 747 2396; x_wconf 92' lang='lat' dir='ltr'>quod</span> <span class='ocrx_word' id='word_1_114' title='bbox 770 2315 810 2380; x_wconf 89' lang='lat' dir='ltr'>sit</span> <span class='ocrx_word' id='word_1_115' title='bbox 832 2315 956 2380; x_wconf 88' lang='lat' dir='ltr'>ratione</span> <span class='ocrx_word' id='word_1_116' title='bbox 979 2321 1103 2380; x_wconf 88' lang='lat' dir='ltr'>vetusta</span> 
     </span>
     <span class='ocr_line' id='line_1_19' title="bbox 279 2426 1088 2516; baseline 0.002 -24"><span class='ocrx_word' id='word_1_117' title='bbox 279 2427 425 2511; x_wconf 85' lang='lat' dir='ltr'>gentibus</span> <span class='ocrx_word' id='word_1_118' title='bbox 449 2426 596 2491; x_wconf 90' lang='lat' dir='ltr'>humanis</span> <span class='ocrx_word' id='word_1_119' title='bbox 619 2426 786 2516; x_wconf 75' lang='lat' dir='ltr'>fundatum</span> <span class='ocrx_word' id='word_1_120' title='bbox 809 2436 961 2513; x_wconf 86' lang='lat' dir='ltr'>perpetuo</span> <span class='ocrx_word' id='word_1_121' title='bbox 985 2447 1088 2505; x_wconf 85' lang='lat' dir='ltr'>aevu,</span> 
     </span>
     <span class='ocr_line' id='line_1_20' title="bbox 279 2539 1091 2627; baseline 0.001 -22"><span class='ocrx_word' id='word_1_122' title='bbox 279 2541 452 2606; x_wconf 87' lang='lat' dir='ltr'>sollieitare</span> <span class='ocrx_word' id='word_1_123' title='bbox 475 2541 541 2605; x_wconf 87' lang='lat' dir='ltr'>suis</span> <span class='ocrx_word' id='word_1_124' title='bbox 565 2539 632 2604; x_wconf 92' lang='lat' dir='ltr'>ulla</span> <span class='ocrx_word' id='word_1_125' title='bbox 655 2540 685 2606; x_wconf 93' lang='lat' dir='ltr'>vi</span> <span class='ocrx_word' id='word_1_126' title='bbox 708 2561 747 2606; x_wconf 85' lang='grc'>511</span> <span class='ocrx_word' id='word_1_127' title='bbox 770 2541 900 2608; x_wconf 87' lang='lat' dir='ltr'>sedibus</span> <span class='ocrx_word' id='word_1_128' title='bbox 922 2563 1091 2627; x_wconf 88' lang='lat' dir='ltr'>umquam,</span> 
     </span>
    </p>

    <p class='ocr_par' dir='ltr' id='par_1_7' title="bbox 234 2655 1238 2854">
     <span class='ocr_line' id='line_1_21' title="bbox 234 2655 1147 2733; baseline 0.001 -15"><span class='ocrx_word' id='word_1_129' title='bbox 234 2691 249 2702; x_wconf 87' lang='lat'>·-</span> <span class='ocrx_word' id='word_1_130' title='bbox 281 2674 340 2720; x_wconf 88' lang='lat' dir='ltr'>neo</span> <span class='ocrx_word' id='word_1_131' title='bbox 361 2655 468 2720; x_wconf 85' lang='lat' dir='ltr'>verbis</span> <span class='ocrx_word' id='word_1_132' title='bbox 491 2674 609 2720; x_wconf 80' lang='lat' dir='ltr'>vexare</span> <span class='ocrx_word' id='word_1_133' title='bbox 632 2660 664 2720; x_wconf 88' lang='grc'>51</span> <span class='ocrx_word' id='word_1_134' title='bbox 686 2657 727 2721; x_wconf 93' lang='lat' dir='ltr'>ab</span> <span class='ocrx_word' id='word_1_135' title='bbox 749 2655 812 2721; x_wconf 84' lang='lat' dir='ltr'>i&#39;rno</span> <span class='ocrx_word' id='word_1_136' title='bbox 837 2665 980 2724; x_wconf 89' lang='lat' dir='ltr'>evertere</span> <span class='ocrx_word' id='word_1_137' title='bbox 1004 2677 1147 2733; x_wconf 85' lang='lat' dir='ltr'>summa,</span> 
     </span>
     <span class='ocr_line' id='line_1_22' title="bbox 281 2765 1238 2854; baseline -0.003 -19"><span class='ocrx_word' id='word_1_138' title='bbox 281 2775 386 2835; x_wconf 79' lang='lat' dir='ltr'>cetera</span> <span class='ocrx_word' id='word_1_139' title='bbox 409 2765 450 2835; x_wconf 81' lang='grc'>115</span> <span class='ocrx_word' id='word_1_140' title='bbox 472 2789 590 2850; x_wconf 83' lang='lat' dir='ltr'>genere</span> <span class='ocrx_word' id='word_1_141' title='bbox 613 2767 677 2834; x_wconf 88' lang='lat' dir='ltr'>hou</span> <span class='ocrx_word' id='word_1_142' title='bbox 696 2769 858 2852; x_wconf 86' lang='lat' dir='ltr'>adfingere</span> <span class='ocrx_word' id='word_1_143' title='bbox 881 2776 913 2836; x_wconf 89' lang='lat' dir='ltr'>et</span> <span class='ocrx_word' id='word_1_144' title='bbox 934 2771 1072 2854; x_wconf 89' lang='lat' dir='ltr'>addere,</span> <span class='ocrx_word' id='word_1_145' title='bbox 1091 2771 1238 2854; x_wconf 86' lang='lat' dir='ltr'>Memmi,</span> 
     </span>
    </p>

    <p class='ocr_par' dir='ltr' id='par_1_8' title="bbox 206 2881 1176 3427">
     <span class='ocr_line' id='line_1_23' title="bbox 206 2881 1165 2968; baseline 0.002 -20"><span class='ocrx_word' id='word_1_146' title='bbox 206 2903 255 2950; x_wconf 88' lang='grc'>155</span> <span class='ocrx_word' id='word_1_147' title='bbox 281 2883 480 2968; x_wconf 87' lang='lat' dir='ltr'>desiperest.</span> <span class='ocrx_word' id='word_1_148' title='bbox 499 2881 575 2964; x_wconf 91' lang='lat' dir='ltr'>quid</span> <span class='ocrx_word' id='word_1_149' title='bbox 597 2883 681 2948; x_wconf 90' lang='lat' dir='ltr'>enim</span> <span class='ocrx_word' id='word_1_150' title='bbox 703 2883 923 2948; x_wconf 88' lang='lat' dir='ltr'>inmortalibus</span> <span class='ocrx_word' id='word_1_151' title='bbox 945 2891 1040 2966; x_wconf 91' lang='lat' dir='ltr'>atque</span> <span class='ocrx_word' id='word_1_152' title='bbox 1063 2885 1165 2950; x_wconf 89' lang='lat' dir='ltr'>beatis</span> 
     </span>
     <span class='ocr_line' id='line_1_24' title="bbox 279 2997 1048 3084; baseline 0.004 -23"><span class='ocrx_word' id='word_1_153' title='bbox 279 2998 383 3080; x_wconf 88' lang='lat' dir='ltr'>gratia</span> <span class='ocrx_word' id='word_1_154' title='bbox 406 3002 515 3062; x_wconf 88' lang='lat' dir='ltr'>nostra</span> <span class='ocrx_word' id='word_1_155' title='bbox 537 3005 634 3079; x_wconf 86' lang='lat' dir='ltr'>queat</span> <span class='ocrx_word' id='word_1_156' title='bbox 654 2997 800 3082; x_wconf 82' lang='lat' dir='ltr'>largirier</span> <span class='ocrx_word' id='word_1_157' title='bbox 823 2998 1048 3084; x_wconf 88' lang='lat' dir='ltr'>emolumenti,</span> 
     </span>
     <span class='ocr_line' id='line_1_25' title="bbox 280 3111 1176 3198; baseline 0.001 -23"><span class='ocrx_word' id='word_1_158' title='bbox 280 3117 315 3176; x_wconf 94' lang='lat' dir='ltr'>ut</span> <span class='ocrx_word' id='word_1_159' title='bbox 336 3118 446 3195; x_wconf 83' lang='lat' dir='ltr'>nostra</span> <span class='ocrx_word' id='word_1_160' title='bbox 469 3111 638 3194; x_wconf 87' lang='lat' dir='ltr'>quiequam</span> <span class='ocrx_word' id='word_1_161' title='bbox 662 3132 759 3178; x_wconf 84' lang='lat' dir='ltr'>eausa</span> <span class='ocrx_word' id='word_1_162' title='bbox 781 3133 894 3196; x_wconf 86' lang='lat' dir='ltr'>gerere</span> <span class='ocrx_word' id='word_1_163' title='bbox 918 3113 1176 3198; x_wconf 79' lang='lat' dir='ltr'>adgrediamur?</span> 
     </span>
     <span class='ocr_line' id='line_1_26' title="bbox 280 3226 1069 3311; baseline 0.006 -21"><span class='ocrx_word' id='word_1_164' title='bbox 280 3226 396 3309; x_wconf 90' lang='lat' dir='ltr'>quidve</span> <span class='ocrx_word' id='word_1_165' title='bbox 420 3226 493 3291; x_wconf 91' lang='lat' dir='ltr'>novi</span> <span class='ocrx_word' id='word_1_166' title='bbox 514 3226 617 3310; x_wconf 90' lang='lat' dir='ltr'>potuit</span> <span class='ocrx_word' id='word_1_167' title='bbox 638 3232 728 3291; x_wconf 87' lang='lat' dir='ltr'>tanto</span> <span class='ocrx_word' id='word_1_168' title='bbox 751 3235 824 3311; x_wconf 89' lang='lat' dir='ltr'>post</span> <span class='ocrx_word' id='word_1_169' title='bbox 846 3239 919 3292; x_wconf 88' lang='lat' dir='ltr'>ante</span> <span class='ocrx_word' id='word_1_170' title='bbox 944 3229 1069 3310; x_wconf 85' lang='lat' dir='ltr'>quietos</span> 
     </span>
     <span class='ocr_line' id='line_1_27' title="bbox 279 3341 1156 3427; baseline 0 -21"><span class='ocrx_word' id='word_1_171' title='bbox 279 3342 408 3407; x_wconf 82' lang='lat' dir='ltr'>inlicere</span> <span class='ocrx_word' id='word_1_172' title='bbox 430 3347 464 3404; x_wconf 94' lang='lat' dir='ltr'>ut</span> <span class='ocrx_word' id='word_1_173' title='bbox 487 3347 638 3425; x_wconf 81' lang='lat' dir='ltr'>superent</span> <span class='ocrx_word' id='word_1_174' title='bbox 660 3341 758 3406; x_wconf 83' lang='lat' dir='ltr'>uitam</span> <span class='ocrx_word' id='word_1_175' title='bbox 780 3347 903 3408; x_wconf 89' lang='lat' dir='ltr'>mutare</span> <span class='ocrx_word' id='word_1_176' title='bbox 926 3344 1091 3427; x_wconf 72' lang='lat' dir='ltr'>priorem?</span> <span class='ocrx_word' id='word_1_177' title='bbox 1153 3419 1156 3424; x_wconf 20' lang='lat'>¹</span> 
     </span>
    </p>

    <p class='ocr_par' dir='ltr' id='par_1_9' title="bbox 207 3454 1137 3652">
     <span class='ocr_line' id='line_1_28' title="bbox 207 3454 1137 3539; baseline -0.005 -16"><span class='ocrx_word' id='word_1_178' title='bbox 207 3477 255 3524; x_wconf 84' lang='grc'>115</span> <span class='ocrx_word' id='word_1_179' title='bbox 281 3462 332 3539; x_wconf 84' lang='grc'>51,</span> <span class='ocrx_word' id='word_1_180' title='bbox 350 3456 465 3538; x_wconf 87' lang='lat' dir='ltr'>eredo,</span> <span class='ocrx_word' id='word_1_181' title='bbox 482 3455 515 3518; x_wconf 89' lang='lat' dir='ltr'>in</span> <span class='ocrx_word' id='word_1_182' title='bbox 537 3454 678 3520; x_wconf 90' lang='lat' dir='ltr'>tenebris</span> <span class='ocrx_word' id='word_1_183' title='bbox 700 3455 766 3518; x_wconf 88' lang='lat' dir='ltr'>vita</span> <span class='ocrx_word' id='word_1_184' title='bbox 787 3475 825 3520; x_wconf 90' lang='lat' dir='ltr'>ao</span> <span class='ocrx_word' id='word_1_185' title='bbox 847 3475 970 3523; x_wconf 89' lang='lat' dir='ltr'>merore</span> <span class='ocrx_word' id='word_1_186' title='bbox 991 3456 1137 3531; x_wconf 76' lang='lat' dir='ltr'>iacebat,</span> 
     </span>
     <span class='ocr_line' id='line_1_29' title="bbox 281 3567 949 3652; baseline -0.006 -18"><span class='ocrx_word' id='word_1_187' title='bbox 281 3570 384 3635; x_wconf 88' lang='lat' dir='ltr'>donee</span> <span class='ocrx_word' id='word_1_188' title='bbox 407 3567 520 3632; x_wconf 85' lang='lat' dir='ltr'>diluxit</span> <span class='ocrx_word' id='word_1_189' title='bbox 541 3587 646 3634; x_wconf 88' lang='lat' dir='ltr'>rerum</span> <span class='ocrx_word' id='word_1_190' title='bbox 667 3567 817 3649; x_wconf 88' lang='lat' dir='ltr'>genitalis</span> <span class='ocrx_word' id='word_1_191' title='bbox 840 3569 949 3652; x_wconf 87' lang='lat' dir='ltr'>origo.</span> 
     </span>
    </p>

    <p class='ocr_par' dir='ltr' id='par_1_10' title="bbox 207 3680 1247 3997">
     <span class='ocr_line' id='line_1_30' title="bbox 207 3680 1040 3767; baseline -0.007 -17"><span class='ocrx_word' id='word_1_192' title='bbox 207 3705 256 3752; x_wconf 86' lang='grc'>115</span> <span class='ocrx_word' id='word_1_193' title='bbox 281 3704 355 3750; x_wconf 89' lang='lat' dir='ltr'>nam</span> <span class='ocrx_word' id='word_1_194' title='bbox 378 3681 519 3767; x_wconf 90' lang='lat' dir='ltr'>gaudere</span> <span class='ocrx_word' id='word_1_195' title='bbox 542 3681 632 3747; x_wconf 89' lang='lat' dir='ltr'>novis</span> <span class='ocrx_word' id='word_1_196' title='bbox 656 3681 750 3746; x_wconf 88' lang='lat' dir='ltr'>rebus</span> <span class='ocrx_word' id='word_1_197' title='bbox 773 3680 892 3746; x_wconf 89' lang='lat' dir='ltr'>debere</span> <span class='ocrx_word' id='word_1_198' title='bbox 915 3681 1040 3746; x_wconf 87' lang='lat' dir='ltr'>videtur</span> 
     </span>
     <span class='ocr_line' id='line_1_31' title="bbox 281 3795 1096 3877; baseline -0.006 -13"><span class='ocrx_word' id='word_1_199' title='bbox 281 3800 330 3864; x_wconf 88' lang='lat' dir='ltr'>eui</span> <span class='ocrx_word' id='word_1_200' title='bbox 349 3805 474 3864; x_wconf 81' lang='lat' dir='ltr'>ueteres</span> <span class='ocrx_word' id='word_1_201' title='bbox 497 3797 630 3862; x_wconf 90' lang='lat' dir='ltr'>obsunt:</span> <span class='ocrx_word' id='word_1_202' title='bbox 648 3795 705 3861; x_wconf 89' lang='lat' dir='ltr'>sed</span> <span class='ocrx_word' id='word_1_203' title='bbox 728 3795 779 3860; x_wconf 87' lang='lat' dir='ltr'>oui</span> <span class='ocrx_word' id='word_1_204' title='bbox 801 3797 845 3859; x_wconf 91' lang='lat' dir='ltr'>nil</span> <span class='ocrx_word' id='word_1_205' title='bbox 869 3795 983 3861; x_wconf 86' lang='lat' dir='ltr'>auoidit</span> <span class='ocrx_word' id='word_1_206' title='bbox 1006 3795 1096 3877; x_wconf 88' lang='lat' dir='ltr'>aegri</span> 
     </span>
     <span class='ocr_line' id='line_1_32' title="bbox 280 3899 1247 3997; baseline -0.005 -21"><span class='ocrx_word' id='word_1_207' title='bbox 280 3899 423 3997; x_wconf 88' lang='lat' dir='ltr'>tempore</span> <span class='ocrx_word' id='word_1_208' title='bbox 446 3911 479 3976; x_wconf 91' lang='lat' dir='ltr'>in</span> <span class='ocrx_word' id='word_1_209' title='bbox 502 3917 575 3976; x_wconf 90' lang='lat' dir='ltr'>ante</span> <span class='ocrx_word' id='word_1_210' title='bbox 598 3914 690 3988; x_wconf 79' lang='lat' dir='ltr'>aeto,</span> <span class='ocrx_word' id='word_1_211' title='bbox 708 3929 780 3975; x_wconf 91' lang='lat' dir='ltr'>eum</span> <span class='ocrx_word' id='word_1_212' title='bbox 802 3910 935 3995; x_wconf 90' lang='lat' dir='ltr'>pulohre</span> <span class='ocrx_word' id='word_1_213' title='bbox 956 3910 1090 3992; x_wconf 88' lang='lat' dir='ltr'>degeret</span> <span class='ocrx_word' id='word_1_214' title='bbox 1113 3927 1247 3992; x_wconf 87' lang='lat' dir='ltr'>aevom,</span> 
     </span>
    </p>

    <p class='ocr_par' dir='ltr' id='par_1_11' title="bbox 198 4022 1120 4111">
     <span class='ocr_line' id='line_1_33' title="bbox 198 4022 1120 4111; baseline -0.012 -15"><span class='ocrx_word' id='word_1_215' title='bbox 198 4091 200 4096; x_wconf 89' lang='lat'><em>.</em></span> <span class='ocrx_word' id='word_1_216' title='bbox 281 4026 358 4108; x_wconf 93' lang='lat' dir='ltr'>quid</span> <span class='ocrx_word' id='word_1_217' title='bbox 379 4026 481 4111; x_wconf 90' lang='lat' dir='ltr'>potnit</span> <span class='ocrx_word' id='word_1_218' title='bbox 502 4023 654 4092; x_wconf 85' lang='lat' dir='ltr'>novitatis</span> <span class='ocrx_word' id='word_1_219' title='bbox 674 4045 815 4092; x_wconf 89' lang='lat' dir='ltr'>amorem</span> <span class='ocrx_word' id='word_1_220' title='bbox 838 4025 1015 4090; x_wconf 80' lang='grc'><strong>5555111515</strong></span> <span class='ocrx_word' id='word_1_221' title='bbox 1037 4022 1120 4088; x_wconf 82' lang='lat' dir='ltr'>tali?</span> 
     </span>
    </p>
   </div>
   <div class='ocr_carea' id='block_1_5' title="bbox 284 4268 1135 4342">
    <p class='ocr_par' dir='ltr' id='par_1_12' title="bbox 284 4268 1135 4342">
     <span class='ocr_line' id='line_1_34' title="bbox 284 4268 1135 4342; baseline -0.007 -18"><span class='ocrx_word' id='word_1_222' title='bbox 284 4277 332 4324; x_wconf 76' lang='lat'>152</span> <span class='ocrx_word' id='word_1_223' title='bbox 353 4273 460 4338; x_wconf 90' lang='lat' dir='ltr'>quodsi</span> <span class='ocrx_word' id='word_1_224' title='bbox 481 4271 493 4342; x_wconf 73' lang='grc'>11</span> <span class='ocrx_word' id='word_1_225' title='bbox 518 4275 567 4322; x_wconf 84' lang='grc'>154</span> <span class='ocrx_word' id='word_1_226' title='bbox 587 4282 673 4324; x_wconf 89' lang='lat' dir='ltr'>tenues</span> <span class='ocrx_word' id='word_1_227' title='bbox 691 4273 721 4322; x_wconf 85' lang='lat' dir='ltr'>de</span> <span class='ocrx_word' id='word_1_228' title='bbox 740 4287 845 4338; x_wconf 85' lang='lat' dir='ltr'>corpore</span> <span class='ocrx_word' id='word_1_229' title='bbox 863 4287 967 4322; x_wconf 73' lang='lat' dir='ltr'>eorum,</span> <span class='ocrx_word' id='word_1_230' title='bbox 989 4268 1002 4338; x_wconf 72' lang='grc'>11</span> <span class='ocrx_word' id='word_1_231' title='bbox 1025 4273 1073 4320; x_wconf 79' lang='grc'>175</span> <span class='ocrx_word' id='word_1_232' title='bbox 1092 4271 1135 4318; x_wconf 86' lang='lat' dir='ltr'>An</span> 
     </span>
    </p>
   </div>
   <div class='ocr_carea' id='block_1_6' title="bbox 0 0 1574 5036">
    <p class='ocr_par' dir='ltr' id='par_1_13' title="bbox 0 0 1574 5036">
     <span class='ocr_line' id='line_1_35' title="bbox 0 0 1574 5036; baseline 0 0"><span class='ocrx_word' id='word_1_233' title='bbox 0 0 1574 5036; x_wconf 95' lang='lat' dir='ltr'> </span> 
     </span>
    </p>
   </div>
  </div>
 </body>
</html>
