3140 5032
638 443 649 453 Ι
709 351 738 421 v

159 540 231 584 nam
256 537 338 602 quae
361 539 496 601 eumque
519 519 608 585 vides
629 521 715 586 vesei
739 519 888 584 vitalibus
911 522 1016 604 auris,

160 638 215 697 aut
237 633 330 698 dolus
353 640 408 698 aut
430 634 530 699 virtus
554 640 608 698 aut
630 633 769 715 denique
792 633 952 700 mobilitas
976 642 1024 700 est

161 763 201 808 ex
224 744 354 812 ineunte
376 767 456 812 aevo
476 759 581 828 'genus
603 747 635 810 id
658 752 759 812 tutata
780 767 967 813 reservans:

9 887 11 932 ;
82 877 136 923 860
164 858 326 942 multaque
349 867 440 946 sunt,
459 861 551 926 nobis
574 880 614 925 ex
636 860 772 926 utilitate
797 882 854 926 sua
877 882 960 943 quae

163 973 385 1039 commendata
408 979 556 1057 manent,
573 973 692 1038 tutelae
714 974 833 1040 tradita
857 984 1004 1041 nostrae.

162 1087 320 1171 prineipie
343 1108 444 1169 genus
468 1107 542 1152 aere
564 1087 693 1165 leonum
716 1109 878 1172 saevaque
901 1092 1010 1156 saecla

163 1207 295 1264 tutatast
316 1203 436 1278 virtus,
453 1201 564 1284 volpes
587 1201 699 1285 dolus,
717 1208 749 1267 et
770 1203 845 1286 suga
869 1224 999 1269 cervos.

161 1319 195 1377 at
215 1313 391 1379 levisomna
413 1334 526 1378 eanum
550 1315 612 1378 lide
637 1335 708 1378 eum
729 1321 859 1399 peetere
882 1317 997 1401 eorda,

81 1447 134 1494 888
161 1433 193 1492 et
215 1447 317 1508 genus
341 1449 432 1493 omne
456 1428 542 1509 quod
566 1434 614 1492 est
636 1430 776 1494 veterino
800 1429 921 1494 semine
943 1438 1091 1514 partum,

161 1541 390 1624 lanigeraeque
413 1544 505 1606 simul
529 1543 670 1626 pecudes
693 1550 725 1607 et
747 1544 868 1607 bucera
890 1545 1001 1610 saeela

160 1657 269 1720 emnia
294 1664 367 1721 sunt
389 1655 550 1722 hominum
572 1657 692 1721 tutelae
715 1657 850 1742 tradita,
866 1659 1014 1724 Memmi:

160 1789 237 1834 narn
260 1771 376 1855 eupide
399 1771 511 1853 fugere
534 1773 639 1855 teras,
656 1792 832 1854 panemque
855 1781 966 1838 secuta

150 1891 234 1948 sunt
256 1893 288 1948 et
310 1886 399 1968 larga
422 1906 478 1950 suo
502 1887 571 1951 sine
592 1885 713 1969 pabula
735 1893 827 1970 parta
849 1887 994 1975 labore,¹

83 2020 136 2065 870
162 2017 245 2079 quae
268 1999 382 2064 damus
404 2001 548 2064 utilitatis
570 2019 678 2064 eorum
703 2002 847 2084 praemia
870 2023 987 2067 eausa.

159 2119 192 2175 at
215 2112 286 2195 quis
309 2114 354 2178 nil
374 2113 489 2178 herum
511 2114 621 2178 tribuit
644 2122 777 2198 natura,
795 2135 853 2180 nee
875 2116 947 2198 ipsa

160 2235 274 2313 sponte
298 2249 356 2293 sua
377 2235 511 2312 possent
534 2235 568 2292 ut
592 2230 698 2292 vivere
721 2249 779 2312 nee
802 2229 881 2294 dare
904 2231 996 2294 nobis

162 2343 330 2406 utilitatem
352 2343 492 2424 aliquam
507 2394 514 2428 ,
532 2363 630 2426 quare
652 2351 835 2427 pateremur
858 2363 967 2408 earum

161 2457 323 2541 praesidio
344 2462 453 2522 nostro
476 2458 566 2542 pasei
590 2477 692 2538 genus
715 2477 852 2539 esseque
874 2464 995 2549 tutum,

85 2593 137 2640 875
162 2571 303 2644 scilieet,
320 2571 402 2638 haee
426 2571 500 2662 aliis
522 2545 665 2654 praedae
688 2572 839 2653 lauroque
861 2572 1010 2636 iaeebant

161 2685 349 2771 indupedita
373 2687 437 2750 suis
459 2685 612 2752 fatalibus
634 2686 741 2751 omnia
763 2685 895 2762 vindis,

162 2799 265 2866 donee
287 2801 329 2865 ad
352 2799 514 2867 interitum
536 2820 639 2887 genus
661 2801 694 2864 id
716 2804 832 2862 natura
852 2801 995 2882 redegit.

200 2915 265 2984 Sed
289 2935 392 3000 neque
415 2918 564 2982 Centauri
586 2917 732 2992 fuerunt,
749 2935 809 2980 nee
830 2922 975 3000 ternpore
997 2915 1030 2978 in
1053 2916 1119 2979 ullo

161 3053 232 3099 esse
255 3039 375 3116 queunt
397 3031 517 3117 duplici
540 3037 655 3094 natura
680 3036 711 3095 et
734 3049 867 3113 eorpore
889 3030 965 3093 bine

86 3170 137 3216 880
162 3168 202 3212 ex
225 3148 415 3230 alienigenis
438 3145 587 3210 membris
610 3148 797 3227 compacta,
813 3147 958 3226 potestas

133 3269 138 3278 ”
163 3261 237 3326 hine
258 3260 347 3326 illine
369 3261 469 3346 partis
491 3265 524 3322 ut
547 3259 573 3324 si
596 3280 656 3343 par
678 3277 751 3324 esse
773 3258 919 3342 potissit.

163 3377 197 3440 id
220 3377 294 3441 lieet
315 3375 389 3440 hine
412 3374 557 3457 quamvis
580 3373 687 3438 hebeti
710 3391 904 3454 eognoseere
927 3373 1043 3439 eorde.

164 3489 319 3572 principie
343 3489 458 3554 eireum
480 3489 581 3554 tribus
604 3488 683 3553 antis
704 3486 840 3570 impiger
862 3487 953 3551 annis

163 3603 255 3668 fleret
277 3621 374 3677 eeus,
392 3623 471 3684 puer
493 3603 570 3668 haut
593 3621 773 3685 quaquam:
790 3621 864 3665 nam
888 3620 985 3684 saepe
1008 3601 1103 3666 etiam
1126 3621 1210 3665 nune

87 3738 139 3785 885
166 3719 264 3784 ubera
287 3738 492 3782 mammarum
516 3719 548 3782 in
571 3719 690 3782 somnis
715 3717 870 3780 laetantia
893 3720 1045 3797 quaeret:

164 3839 238 3916 post
260 3832 314 3897 ubi
338 3851 427 3896 eeum
450 3831 581 3897 validae
604 3831 690 3894 vires
712 3835 818 3892 aetate
841 3835 974 3893 seneeta

166 3947 374 4030 membraque
397 3944 547 4010 deficiunt
569 3941 704 4025 fugienti
727 3941 882 4024 languida
904 3940 989 4022 vita,

168 4224 218 4272 858
238 4231 293 4271 tuta
313 4220 326 4289 Η
347 4223 397 4271 865
417 4221 494 4271 veteri
513 4234 565 4268 non
588 4216 600 4285 Η
620 4219 669 4267 866
689 4217 785 4280 bugera
806 4213 818 4282 ΙΙ
839 4217 889 4264 868
908 4221 1025 4262 secutae.
1047 4211 1060 4280 Η
1085 4215 1133 4261 871
1155 4213 1181 4260 ni
1203 4210 1215 4280 Η
1236 4215 1307 4262 873Ι

169 4309 242 4378 quari
264 4306 277 4375 ll
298 4311 347 4357 881
368 4308 451 4377 parvis
470 4316 498 4356 ut
515 4321 567 4356 non
586 4305 619 4354 sit
636 4320 694 4374 pars
715 4301 727 4374 ll
749 4306 800 4352 884
819 4315 972 4368 quamquam
993 4297 1005 4372 ll
1026 4301 1076 4349 885
1096 4299 1217 4353 laetantia
