3108 5034
674 415 707 482 11

128 607 262 672 corpore
284 587 443 652 seiunctus
466 586 558 651 dolor
581 586 685 663 absit,
708 587 813 650 menti'
834 585 959 651 fruatur

127 702 265 768 iucundo
288 723 403 784 sensu,
428 721 505 766 cura
526 700 658 766 semotu’
681 703 861 784 metuque?

69 836 103 884 20
129 836 205 900 ergo
229 837 416 902 corpoream
440 814 482 880 ad
504 820 651 880 naturam
674 833 778 899 pauca
800 815 945 881 videmus

130 950 203 996 esse
226 949 307 1014 opus
329 931 478 1013 omuino,
503 949 586 1010 quae
610 927 740 993 demant
762 949 896 1012 eumque
919 931 1083 1016 dolorem,

128 1044 261 1110 delicias
285 1064 413 1126 quoque
435 1045 480 1108 uti
503 1019 619 1108 multas
642 1045 846 1109 substernere
868 1046 1012 1132 possint.

129 1159 252 1242 gratius
274 1159 356 1223 inter
379 1160 454 1224 dum
477 1178 583 1241 neque
604 1165 719 1224 natura
741 1159 813 1242 ipsa
834 1160 984 1241 requirit,

129 1275 157 1338 si
179 1293 243 1338 non
265 1293 368 1338 aurea
390 1279 463 1339 sunt
484 1273 633 1338 iuvenum
656 1273 826 1337 simulacra
848 1293 905 1357 per
927 1275 1029 1340 aedes

71 1407 104 1454 25
128 1387 299 1471 lampadas
320 1387 476 1469 igniferas
497 1387 644 1451 manibus
667 1388 836 1452 retinentia
858 1388 999 1465 dextris,

94 1554 98 1563 .
128 1500 249 1566 lumina
272 1502 433 1566 nocturnis
457 1502 560 1586 epulis
583 1508 617 1565 ut
639 1502 899 1586 suppeditentur.

128 1634 187 1678 neo
209 1614 322 1678 domus
345 1622 478 1696 argento
501 1616 633 1699 fulgenti
658 1635 801 1697 auroque
825 1618 965 1701 renidet,

128 1747 188 1792 nec
210 1727 352 1793 citharae
375 1729 508 1794 reboant
529 1729 684 1810 laqueata
706 1737 884 1812 aurataque
908 1736 1011 1815 tecta,

125 1861 197 1906 oum
220 1847 327 1907 tamen
349 1833 490 1908 inter‘se
512 1845 660 1927 prostrati
684 1845 717 1907 in
740 1845 885 1926 gramine
909 1846 996 1910 molli

66 1978 99 2024 so
125 1961 255 2040 propter
278 1977 383 2038 aquae
405 1957 507 2022 rivum
530 1959 589 2022 sub
612 1959 711 2022 ramis
733 1959 858 2023 arboris
881 1960 968 2023 altae

124 2091 187 2134 non
212 2073 335 2154 magnis
359 2073 473 2157 opibus
495 2074 632 2137 iucunde
655 2093 791 2156 corpora
811 2080 941 2156 curant,

124 2184 311 2268 praesertim
334 2207 405 2250 oum
427 2193 601 2270 tempestas
624 2187 751 2250 adridet
773 2193 804 2248 et
825 2187 900 2249 anni

122 2305 270 2383 tempora
292 2307 508 2382 conspergunt
531 2301 698 2366 viridantis
721 2300 1010 2385 floribus'herbas‚

123 2432 184 2477 nee
208 2413 335 2479 calidae
358 2415 451 2478 citius
475 2414 634 2480 decedunt
657 2435 790 2500 corpore
814 2414 942 2489 febres,
995 2494 997 2499 .

65 2550 97 2595 35
122 2528 288 2604 textilibus
311 2529 336 2593 si
360 2529 393 2591 in
416 2529 546 2610 picturis
570 2536 720 2610 ostroque
743 2529 868 2593 rubenti

121 2643 275 2718 laeteris,
300 2663 397 2723 quam
420 2643 448 2707 si
470 2644 501 2706 in
526 2643 655 2728 plebeia
677 2647 766 2706 veste
791 2641 971 2705 cubandum
995 2649 1062 2706 est.
1165 2645 1168 2651 '

121 2777 188 2838 qua
211 2763 342 2841 propter
365 2759 515 2838 quoniam
539 2758 582 2821 nil
608 2762 714 2821 nostro
737 2757 769 2818 in
792 2775 925 2838 corpore
948 2761 1049 2836 gabae

120 2870 292 2956 proliciunt
313 2891 419 2952 neque
442 2873 592 2937 nobilitas
614 2893 673 2936 neo
696 2871 801 2953 gloria
823 2871 932 2954 regni,

120 2985 210 3067 quod
233 2991 419 3069 superest,
444 2989 551 3052 animo
575 3007 702 3070 quoque
724 2988 770 3049 nil
792 2985 949 3071 prodesse
971 2989 1169 3070 putandum3

61 3121 93 3166 40
118 3100 144 3166 si
172 3121 237 3164 non
260 3100 342 3165 forte
365 3108 438 3165 tuas
461 3102 605 3185 legiones
627 3121 685 3184 per
708 3102 780 3164 loca
803 3103 908 3185 campi

117 3213 247 3280 fervere
270 3235 341 3278 cum
364 3215 495 3298 videas,
514 3215 588 3279 belli
613 3215 784 3280 simulacra
808 3216 940 3300 cientis,

118 3327 276 3394 subsidiis
299 3329 489 3414 magnisque
512 3329 693 3413 elephantis
717 3329 955 3413 constabilitas,

60 3465 91 3510 43
118 3446 253 3508 ornatas
277 3444 394 3527 armis,
417 3443 564 3521 validas,
588 3444 771 3527 pariterque
795 3444 974 3521 animatas,

116 3557 248 3622 fervere
271 3577 342 3622 cum
364 3556 477 3622 videas
500 3557 636 3623 classem
658 3559 787 3639 lateque
806 3559 940 3642 vagari,

45 3675 92 3737 ’44
117 3672 168 3736 his
194 3670 250 3734 tibi
273 3666 339 3734 tum
363 3671 458 3736 rebus
480 3671 664 3738 timefactae
688 3672 858 3756 religiones

118 3784 280 3866 effugiunt
302 3785 409 3850 auimo
432 3787 571 3870 pavide,
596 3787 767 3868 mortisque
789 3788 919 3852 timores

117 3908 185 3964 turn
209 3919 344 3964 vacuum
367 3907 478 3984 pectus
500 3901 624 3967 lincunt
646 3920 786 3982 curaque
810 3902 968 3965 solutum.

118 4014 208 4098 quod
231 4015 259 4077 si
281 4011 416 4079 ridicula
438 4013 518 4079 haec
541 4014 743 4095 ludibriaque
765 4032 838 4078 esse
861 4013 1027 4088 videmus,

117 4179 322 4192 -.....-.--.-..

123 4285 154 4332 18
173 4291 259 4331 mente
280 4278 293 4348 Η
316 4283 346 4330 19
366 4289 463 4330 semote
489 4278 502 4348 Η
528 4281 558 4328 27
580 4281 660 4343 fulget
684 4277 697 4346 Η
725 4280 756 4326 28
776 4277 895 4338 iaqueata
914 4273 926 4341 Η
947 4277 1057 4340 templa.
1083 4271 1097 4342 Η
1124 4277 1155 4324 39
1175 4290 1249 4338 super

121 4387 148 4422 es
168 4366 181 4437 Η
204 4372 236 4417 41
257 4369 351 4418 Fruere
371 4365 384 4436 Η
405 4371 438 4417 42
456 4366 556 4430 magnis
575 4367 670 4430 epicuri
694 4362 706 4432 Η
732 4367 765 4414 43
785 4364 890 4413 itastuas
908 4364 1045 4426 tariterque
1065 4359 1078 4432 Η
1098 4366 1131 4413 46
1151 4372 1248 4427 tempus
