3140 5036
680 396 737 458 1111

93 585 127 632 55
154 585 290 649 corpora
311 584 364 630 res
386 565 521 640 multae,
537 565 654 649 partim
677 565 797 631 diffusa
819 566 941 650 solute,

152 679 270 744 robora
293 698 352 744 ceu
373 681 491 744 sumum
513 679 640 744 mittunt
660 681 814 762 ignesque
835 701 1009 766 vaporem,
1099 757 1101 762 Ι

153 799 186 859 et
207 794 323 879 partim
347 799 495 859 contexta
517 794 622 876 magis
644 794 890 876 condensaque,
905 801 939 860 ut
961 796 1037 862 olim

154 930 224 974 curn
246 907 355 972 teretis
377 914 499 992 ponunt
520 908 644 1000 tunicas
666 914 790 974 aestate
812 909 962 995 cicadae,

153 1029 185 1088 et
207 1022 294 1088 vituli
318 1041 389 1086 eum
412 1023 614 1104 membranas
637 1024 677 1088 de
701 1033 833 1106 corpore
856 1043 979 1091 summo

94 1161 128 1206 so
153 1143 322 1204 nascentes
344 1137 489 1213 mittunt,
507 1144 538 1202 et
558 1137 634 1201 item
657 1157 727 1202 cum
749 1137 873 1204 lubrica
895 1159 1028 1225 serpens

154 1252 240 1317 exuit
260 1253 293 1316 in
316 1250 417 1336 spinis
439 1257 581 1316 vestem:
597 1272 673 1317 nam
695 1272 792 1336 saepe
813 1253 959 1319 videmus

152 1367 279 1430 illorum
302 1366 412 1449 spoliis
434 1385 550 1450 vepres
571 1365 776 1431 volitantibus
798 1372 929 1432 auctas:

156 1499 239 1562 quae
262 1480 412 1563 quoniam
434 1480 531 1556 fiunt,
547 1480 651 1544 tenuia
675 1500 801 1562 quoque
823 1479 918 1546 debet
940 1481 1045 1565 imago

102 1583 113 1592 ⁵
153 1595 196 1660 ab
219 1595 314 1660 rebus
337 1593 437 1678 mitti,
455 1615 577 1659 summo
601 1594 641 1660 de
664 1614 796 1679 corpore
819 1615 943 1659 rerum.

94 1731 127 1778 65
155 1730 230 1774 nam
254 1729 308 1772 cur
329 1708 386 1772 illa
409 1707 526 1772 cadant
548 1710 650 1793 magis
673 1710 714 1774 ab
737 1709 897 1790 rebusque
919 1711 1068 1776 recedant

154 1844 248 1906 quarn
273 1843 354 1906 quae
376 1823 485 1888 tenvia
507 1828 600 1900 sunt,
618 1823 793 1889 hiscendist
815 1824 904 1888 nulla
925 1831 1090 1908 potestas;

152 1938 342 2025 praesertim
365 1957 435 2001 eum
458 1937 574 2002 sintin
597 1939 727 2003 summis
750 1958 885 2021 corpora
907 1940 1001 2004 rebus

152 2055 252 2118 multa
274 2053 412 2136 minuta,
428 2052 489 2117 iaci
513 2072 595 2134 quae
617 2054 741 2137 possint
763 2052 876 2118 ordine
899 2052 1012 2119 eodem

153 2189 214 2251 quo
238 2167 374 2250 fuerint,
391 2171 423 2231 et
445 2166 560 2231 formai
583 2187 711 2231 servare
734 2167 888 2249 figuram,

96 2304 128 2350 ro
153 2287 184 2347 et
205 2281 304 2346 mutto
328 2280 440 2365 eitius,
458 2285 576 2362 quanto
599 2280 703 2346 minus
725 2281 905 2366 indupediri

152 2415 258 2481 pauca
281 2404 401 2477 queunt
424 2401 457 2461 et
479 2415 563 2478 quae
587 2400 660 2460 sunt
681 2395 786 2480 prima
808 2394 913 2461 fronte
934 2395 1061 2461 locata.

154 2532 228 2577 narn
251 2516 337 2576 certe
360 2510 466 2576 iacere
488 2530 526 2576 ac
547 2511 656 2593 largiri
679 2511 780 2574 multa
802 2509 965 2594 videmus,

155 2647 217 2692 non
241 2629 346 2693 solum
369 2650 408 2694 ex
431 2629 495 2692 alto
518 2623 729 2708 penitusque,
746 2619 780 2688 ut
802 2623 939 2688 diximus
962 2629 1058 2708 ante,

153 2762 262 2807 verum
287 2745 327 2809 de
349 2743 479 2808 summis
501 2742 605 2826 ipsum
629 2757 757 2822 quoque
779 2756 878 2822 saepe
901 2739 1060 2804 colorem.

97 2879 128 2925 75
155 2863 187 2922 et
208 2858 304 2940 volgo
328 2857 449 2923 faciunt
470 2855 504 2920 id
526 2854 613 2920 lutea
637 2873 792 2935 russaque
814 2853 887 2918 vela

155 2978 185 3036 et
206 2972 388 3057 ferrugine,
405 2993 494 3054 cum,
512 2969 636 3053 magnis
658 2969 780 3033 intenta
803 2967 954 3044 theatris,

153 3106 211 3171 per
234 3088 335 3152 malos
356 3087 488 3168 volgata
510 3085 680 3165 trabesque
702 3083 870 3147 trementia
891 3081 1020 3145 fluant:

153 3221 289 3283 namque
312 3201 356 3266 ibi
380 3219 565 3268 consessum
588 3196 701 3262 caveai
725 3201 833 3280 supter
856 3201 887 3261 et
909 3214 1036 3260 ornnem

153 3315 281 3380 scaenai
304 3315 444 3403 speciem
469 3314 611 3398 pulcram
634 3311 820 3392 variumque
843 3309 991 3375 decorem

94 3451 128 3498 ao
154 3429 298 3495 inficiunt
320 3435 499 3511 coguntque
523 3448 581 3493 suo
604 3427 728 3491 fluitare
750 3425 877 3491 colore:

154 3549 186 3609 et
208 3549 329 3626 quanto
351 3543 467 3608 circum
490 3562 584 3627 mage
606 3546 680 3606 sunt
701 3546 841 3622 angusta
862 3537 980 3604 theatri

154 3658 283 3724 moenia
297 3709 304 3736 ,
319 3641 511 3740 tam⁹magis
534 3658 615 3723 haec
637 3656 721 3720 intus
743 3654 876 3740 perfusa
897 3653 1007 3738 lepore

153 3773 260 3838 omnia
282 3773 448 3838 conrident
468 3777 615 3856 correpta
637 3770 709 3836 luce
731 3769 812 3834 diei.

153 3907 231 3970 ergo
253 3886 354 3952 lintea
376 3886 417 3950 de
441 3907 563 3952 summo
587 3905 656 3950 oum
680 3903 813 3968 corpore
834 3881 939 3948 fiscum

95 4022 129 4070 as
154 4001 300 4080 mittunt,
317 3999 444 4083 effigias
467 4018 594 4083 quoque
616 3998 733 4064 debent
755 3997 878 4062 mittere
900 3993 1003 4061 tenvis

1256 4122 1270 4164 ι

157 4273 190 4321 63
209 4270 273 4320 debe
293 4266 306 4335 ΙΙ
327 4269 361 4318 68
380 4283 482 4320 eorum.
507 4263 520 4335 ΙΙ
546 4269 575 4315 71
596 4280 661 4329 quae
680 4263 819 4318 omasum.
840 4257 854 4329 ΙΙ
880 4263 911 4310 72
931 4259 1020 4322 iargiri
1045 4255 1059 4326 Η
1084 4262 1114 4307 77
1134 4257 1240 4308 fluctus.
1262 4254 1275 4330 Η

160 4360 191 4409 79
212 4356 320 4410 Scaenal
341 4352 354 4423 ΙΙ
373 4362 474 4424 patrum
492 4361 651 4418 matrumque
670 4351 790 4406 deorum.
811 4346 823 4414 li
844 4349 875 4397 81
896 4346 1040 4438 inclaruere*
