3140 5032
690 361 735 426 VI

147 531 318 597 diffindens
342 538 460 596 terram
483 553 632 615 maguum
656 532 827 598 ooneiuuat
849 533 989 597 hiatum.

72 670 123 717 555
148 649 181 711 iu
205 647 299 730 Syria
322 646 442 710 Sidone
466 649 550 730 quod
574 647 691 711 aeoidit
714 655 745 710 et
767 646 827 710 fuit
848 648 930 728 Aegi

148 764 182 826 in
203 763 448 846 Peloponneso,
467 783 547 843 quas
570 763 674 826 exitus
699 760 750 825 bio
773 762 892 826 animai

148 876 305 942 disturbat
326 877 421 940 urbes
446 882 477 940 et
500 883 731 940 terraemotus
754 876 906 940 obortus:

149 992 313 1072 multaque
336 996 505 1073 praeterea
528 991 712 1056 oeciderunt
736 991 863 1055 moenia
886 991 1012 1074 maguis

149 1106 289 1170 motibus
310 1105 343 1168 in
365 1105 478 1182 terris,
495 1112 527 1169 et
549 1106 668 1169 multae
690 1125 748 1190 per
772 1124 861 1170 mare
884 1125 1013 1189 pessum

74 1241 125 1288 550
153 1220 327 1285 subsedere
351 1221 416 1284 suis
438 1219 558 1304 pariter
581 1239 652 1283 eum
675 1221 797 1285 uiribus
819 1221 935 1285 urbes.

150 1333 237 1416 quod
259 1333 322 1397 nisi
344 1334 539 1419 prorumpit,
555 1341 662 1398 tamen
686 1334 824 1417 impetus
849 1335 918 1417 ipse
941 1336 1061 1400 animai

154 1455 187 1513 et
208 1450 277 1513 fera
299 1447 347 1511 vis
369 1448 453 1511 venti
475 1467 532 1531 per
555 1449 668 1512 erebra
690 1448 850 1514 foramina
872 1455 976 1515 terrae

151 1563 335 1648 dispertitur
358 1567 392 1626 ut
415 1563 524 1627 horror
547 1571 578 1628 et
599 1564 710 1628 inentit
732 1563 808 1628 inde
830 1571 1018 1643 tremorem3

150 1679 251 1760 frigus
275 1679 317 1741 uti
342 1685 469 1743 nostros
492 1680 617 1764 penitus
640 1699 709 1744 eum
733 1679 875 1744 venitin
898 1684 1005 1762 artus,

37 1794 42 1804 '
76 1813 126 1858 505
153 1793 292 1857 eoueutit
313 1793 431 1858 invitos
454 1814 572 1876 eugeus
594 1801 729 1858 tremere
751 1799 848 1876 atque
872 1813 1019 1859 movere.

152 1907 280 1989 aneipiti
304 1909 465 1993 trepidant
486 1907 581 1992 igitur
603 1915 723 1974 terrore
745 1929 803 1991 per
825 1909 933 1992 urbia,

151 2028 236 2085 tecta
258 2040 393 2106 superne
416 2023 547 2106 timent,
566 2028 709 2088 metuunt
731 2025 856 2090 inferne
881 2043 1034 2089 cavernas

150 2137 248 2204 terrai
273 2154 312 2199 ne
335 2135 490 2201 dissoluat
512 2145 629 2202 natura
652 2145 804 2223 repente,

151 2273 213 2318 neu
235 2251 389 2316 distracta
412 2273 503 2316 suum
526 2253 592 2317 late
615 2252 787 2336 dispandat
809 2253 930 2317 hiatum

75 2389 126 2433 500
152 2367 257 2447 adque
278 2365 344 2431 suis
368 2367 501 2431 oonsusa
522 2368 600 2432 volit
622 2369 783 2452 complere
806 2368 924 2433 ruinis.

151 2479 286 2563 proinde
308 2481 382 2546 lieet
405 2483 548 2564 quamvis
572 2483 696 2546 eaelum
720 2490 902 2564 terramque
925 2488 1055 2548 reantur

152 2595 333 2678 iuoorrupta
355 2595 424 2660 sore
447 2603 599 2662 aeternae
624 2597 773 2660 mandata
796 2597 911 2661 satuti:

152 2716 183 2772 et
204 2717 309 2773 tamen
332 2711 414 2776 inter
437 2712 512 2775 dum
535 2731 689 2796 praeseus
711 2713 759 2777 vis
780 2712 855 2796 ipsa
877 2712 988 2796 periali

150 2824 256 2889 subdit
276 2825 372 2890 athuo
394 2827 556 2890 stimulum
580 2826 718 2909 quadam
742 2827 783 2891 de
806 2835 897 2909 parte
921 2825 1063 2902 timoris,

75 2961 126 3008 505
152 2958 192 3003 ne
215 2940 350 3023 pedibus
374 2940 489 3025 raptim
512 2941 608 3006 telius
632 2942 793 3007 subtracta
816 2941 937 3006 feratur

149 3054 183 3117 in
206 3054 413 3136 barathrum,
431 3072 598 3137 rerumque
621 3063 773 3138 sequatur
795 3056 923 3140 prodita
946 3073 1071 3120 summa

150 3167 313 3246 funditus,
331 3175 363 3232 et
385 3167 442 3232 fiat
464 3169 574 3232 mundi
596 3171 730 3236 ooniusa
752 3171 865 3234 ruina.

194 3281 375 3369 [Principio
397 3303 485 3348 mare
509 3284 662 3349 mirantur
686 3305 750 3349 uon
773 3283 908 3348 reddere
930 3280 1035 3346 maius

153 3401 318 3480 naturam,
335 3419 398 3482 quo
422 3401 462 3464 sit
483 3405 591 3466 tantus
614 3400 767 3466 decursus
791 3417 967 3483 aquarum,

74 3534 126 3580 550
152 3512 259 3576 omnia
282 3533 344 3595 quo
367 3515 497 3580 veniant
520 3535 559 3580 er
582 3516 667 3580 omni
689 3513 822 3578 fiumina
843 3517 956 3598 parte.

153 3626 238 3692 adde
260 3647 361 3711 vagos
383 3629 493 3694 imbris
516 3634 787 3713 tempestatesque
809 3629 975 3710 volantes,

151 3743 260 3808 omnia
284 3763 365 3825 quae
389 3743 492 3808 maria
515 3763 552 3808 ao
574 3751 676 3808 terras
698 3749 918 3828 sparguntque
941 3743 1129 3826 rigantque:

151 3857 236 3922 adde
259 3876 335 3921 suos
356 3855 454 3922 fontis
468 3882 475 3921 :
491 3862 600 3922 tamen
622 3859 664 3922 ad
688 3857 784 3921 maris
807 3857 915 3920 omnia
937 3875 1092 3920 summam

156 4165 206 4212 584
224 4161 351 4211 Diifideus
375 4158 388 4228 Η
414 4163 465 4211 586
485 4176 535 4224 qua
560 4157 573 4228 ΙΙ
598 4163 649 4210 588
668 4159 794 4209 ceciderat
818 4155 831 4225 ΙΙ
857 4159 906 4207 589
925 4172 1044 4221 possum.
1066 4152 1078 4223 Η
1099 4157 1150 4205 594
1169 4152 1241 4201 utin
1260 4149 1273 4219 Η

155 4251 205 4298 600
230 4249 310 4312 quue
335 4244 348 4316 ΙΙ
372 4249 471 4313 comple
496 4247 510 4315 Η
534 4251 586 4297 604
608 4247 742 4298 Subditeet
766 4246 833 4296 hune
858 4241 872 4312 ii
895 4245 961 4308 parti
986 4240 999 4310 Η
1024 4246 1074 4293 605
1093 4241 1236 4290 substructa
1261 4235 1274 4308 Η

157 4335 324 4390 tornatura

1036 4434 1074 4502 lb
