3140 5032
290 429 352 492 228
835 419 877 482 Vl

216 615 265 662 cro
292 593 345 676 qui
370 614 433 657 non
455 597 530 656 ante
553 590 692 671 aliquem
716 589 868 654 maiorem
893 588 991 664 vidit,
1009 593 1041 652 et
1061 587 1176 668 ingens

293 708 388 772 arbor
411 707 568 787 homoque
592 704 737 781 videtur,
754 710 785 769 et
808 703 916 767 omnia
938 703 979 767 de
1002 720 1121 788 genere
1145 703 1231 766 omni

292 823 434 886 maxima
457 840 537 901 quae
559 818 639 885 vidit
662 819 816 902 quisque,
833 818 915 883 baec
937 819 1081 899 ingentia
1102 816 1213 900 fingit,

293 957 362 1002 cum
386 941 493 1000 tamen
518 934 625 999 omnia
648 955 719 998 cum
742 935 833 998 caclo
856 940 1005 1014 terraque
1028 933 1174 1014 marique

292 1051 336 1114 nil
360 1051 423 1116 sint
445 1051 486 1114 ad
509 1069 664 1114 summam
688 1050 820 1114 summai
845 1049 941 1113 totius
965 1068 1110 1113 omnem.

218 1188 268 1236 oso
335 1166 428 1230 Nunc
450 1172 556 1228 tamen
579 1163 637 1226 illa
658 1163 763 1229 modis
787 1165 903 1245 quibus
925 1163 1053 1228 inritata
1075 1169 1207 1248 repente

292 1281 420 1344 flamma
443 1280 532 1345 foras
554 1279 654 1344 vastis
677 1279 801 1344 Aetnae
824 1279 1010 1343 fornacibus
1033 1278 1138 1362 efflet,

295 1395 486 1478 expediam.
502 1393 637 1478 primum
660 1394 755 1458 totius
778 1395 921 1458 subcava
944 1394 1059 1459 montis

295 1515 343 1574 est
365 1515 500 1592 natura,
517 1507 585 1573 fere
609 1507 734 1572 silicum
757 1507 887 1572 suffulta
910 1509 1077 1575 cavernis.

295 1624 441 1691 omnibus
465 1629 512 1688 est
533 1643 630 1707 porro
652 1624 685 1686 in
708 1623 869 1707 speluncis
892 1629 1003 1688 ventus
1027 1629 1058 1686 et
1081 1630 1155 1688 ae'r.
1195 1606 1200 1616 ¹

221 1763 270 1809 css
295 1745 407 1806 ventus
431 1739 515 1803 enim
538 1739 593 1822 fit,
609 1738 663 1802 ubi
686 1745 735 1802 est
756 1737 908 1820 agitando
933 1737 1071 1821 percitus
1094 1746 1169 1804 adr:

297 1855 348 1919 bic
370 1855 424 1918 ubi
446 1853 602 1938 percaluit
624 1853 693 1917 cale
716 1852 855 1934 fecitque
878 1853 986 1918 omnia
1010 1854 1125 1920 circum

296 1990 377 2034 saxa
400 1969 529 2045 furens,
547 1989 611 2050 qua
635 1967 807 2051 contingit,
823 1974 1024 2050 terramque,
1042 1976 1072 2033 et
1096 1971 1137 2035 ab
1162 1971 1234 2034 ollis

297 2083 436 2151 excussit
459 2083 596 2148 calidum
619 2081 753 2146 flammis
776 2081 940 2147 velocibus
962 2083 1091 2163 ignem,

296 2201 379 2264 tollit
401 2218 435 2264 se
459 2217 497 2262 ac
521 2197 615 2262 rectis
637 2197 683 2261 ita
705 2194 852 2262 faucibus
874 2196 947 2260 eicit
969 2197 1053 2263 alte.

222 2337 272 2384 000
298 2314 489 2395 sortitaque
512 2314 659 2378 ardorem
682 2311 797 2395 longe,
815 2311 975 2395 longeque
999 2312 1143 2378 favillam

297 2429 422 2507 differt,
440 2435 470 2493 et
493 2449 604 2493 crassa
626 2427 725 2492 volvit
747 2427 887 2509 caligine
909 2429 1049 2512 fumum,

297 2544 500 2626 extruditque
523 2543 616 2608 simul
640 2542 785 2631 mirando
808 2543 954 2627 pondere
974 2564 1075 2628 saxa3

297 2680 337 2722 ne
360 2659 486 2724 dubites
510 2659 587 2740 quin
610 2658 687 2722 baec
710 2656 829 2721 animai
851 2657 978 2721 turbida
1001 2658 1041 2722 sit
1063 2659 1131 2725 vis.

296 2782 465 2861 praeterea
486 2794 604 2856 magna
627 2793 666 2836 ex
689 2772 771 2857 parti
795 2792 881 2836 mare
904 2773 1018 2837 montis
1042 2776 1082 2837 ad
1106 2774 1174 2840 eius

224 2914 272 2960 000
298 2890 425 2956 radices
448 2889 566 2970 frangit
587 2887 700 2952 fluctus
724 2893 911 2970 aestumque
934 2889 1097 2954 resorbet.

207 3049 208 3053 =
299 3027 338 3070 ex
360 3005 420 3070 boc
442 3022 544 3085 usque
567 3002 646 3066 mari
669 3003 842 3087 speluncae
864 3004 981 3068 montis
1005 3003 1046 3067 ad
1070 3006 1153 3071 altas

297 3120 485 3205 perveniunt
507 3120 615 3183 subter
637 3117 767 3182 fauces.
784 3117 845 3182 bac
867 3118 913 3182 ire
936 3116 1130 3183 fatendumst

298 3241 331 3301 et
352 3241 520 3319 penetrare
544 3233 640 3299 maris
663 3233 790 3317 penitus
812 3239 962 3318 percocta
985 3234 1016 3298 in
1040 3241 1184 3320 apertum

299 3357 396 3432 atque
420 3349 531 3414 efflare
553 3348 660 3427 foras,
676 3349 813 3431 ideoque
836 3350 989 3414 extollere
1011 3349 1174 3414 flammam

225 3486 274 3532 roc
299 3484 441 3546 saxaque
464 3464 643 3528 subiectare
667 3469 698 3528 et
720 3483 837 3528 arenae
858 3463 971 3528 tollere
994 3463 1138 3530 nimbos.

299 3580 331 3643 in
356 3599 477 3643 summo
501 3585 573 3642 sunt
594 3579 714 3644 vertice
738 3578 822 3642 enim
845 3584 1003 3662 crateres,
1020 3585 1054 3642 ut
1075 3579 1136 3664 ipsi

297 3694 509 3773 nominitant3
525 3715 584 3760 nos
607 3691 694 3775 quod
717 3691 829 3757 fauces
851 3690 1056 3775 perhibemus
1078 3701 1111 3759 et
1133 3716 1211 3760 ora.

309 3819 317 3832 “
338 3809 418 3874 Sunt
441 3809 562 3892 aliquot
584 3827 710 3890 quoque
732 3826 784 3871 res
807 3827 940 3889 quarum
963 3828 1061 3872 unam
1085 3809 1190 3875 dicere
1214 3832 1343 3877 causam

302 3945 366 3989 non
388 3924 467 3990 satis
491 3931 559 4002 est,
575 3943 683 3989 verum
707 3923 826 4008 pluris,
844 3923 928 3988 unde
949 3943 1014 3987 una
1035 3930 1141 3989 tamen
1164 3925 1225 4010 sit3

227 4059 276 4107 roo
302 4059 416 4122 corpus
438 4044 472 4103 ut
495 4038 676 4105 exanimum
701 4037 816 4121 simod
838 4039 951 4124 procul
973 4038 1042 4123 ipse
1064 4038 1169 4104 iacere

300 4215 501 4222 Ἥ

303 4318 353 4364 676
373 4315 472 4363 omnis.
494 4312 506 4381 ll
528 4316 578 4364 683
597 4288 707 4364 sillicurn
731 4311 744 4382 ll
769 4318 817 4364 687
838 4315 946 4380 contigit
967 4314 979 4383 Η
1001 4317 1051 4365 690
1069 4316 1138 4378 itque
1159 4312 1172 4382 ll
1194 4317 1243 4365 695
1262 4317 1386 4366 resolvet.
1407 4315 1420 4386 Η

303 4403 353 4450 698
371 4401 436 4450 mari
453 4401 553 4466 penitus
572 4416 610 4451 res
629 4402 699 4466 cogit
717 4410 822 4466 aperto.
844 4401 856 4472 Η
878 4406 925 4454 701
946 4403 1066 4454 verticcni
1088 4402 1100 4472 ll
1123 4405 1172 4455 705
1192 4404 1302 4454 iaceret.
