3140 5032
287 382 351 446 234
829 376 872 440 VI

286 553 318 612 et
341 545 440 636 quasi
455 545 651 630 concrescit,
667 545 720 621 tt,
738 545 877 629 scilicet,
894 554 928 610 nt
952 547 1097 612 coeundo

266 661 443 744 'exprimat
464 661 496 723 in
519 666 634 744 puteos
657 659 684 724 si
707 679 803 742 quem
825 662 907 744 gerit
929 663 1001 744 ipsa
1024 661 1184 726 calorem.

325 778 405 840 Esse
428 774 515 858 apud
538 775 726 840 Hammonis
748 773 857 838 fanum
881 774 954 840 fons
977 777 1047 842 luce
1071 776 1186 840 diurna

285 890 420 972 frigidus
443 896 474 955 et
497 889 620 954 calidus
642 895 796 954 nocturno
819 897 965 974 tempore
988 889 1105 955 fertur.

212 1029 262 1075 850
287 1008 372 1070 hunc
393 1005 540 1070 homines
561 1005 679 1068 fontem
704 1003 798 1068 ninris
821 1005 1018 1070 admirantur
1041 1012 1073 1071 et
1095 1007 1162 1071 acri

286 1121 353 1184 sole
376 1126 489 1204 putant
511 1125 621 1202 supter
642 1125 745 1184 terras
768 1119 948 1186 fervescere
970 1122 1108 1205 raptim,

287 1256 351 1299 nox
373 1234 428 1298 ubi
451 1234 583 1326 terribili
606 1239 707 1299 terras
730 1235 868 1320 caligine
890 1237 987 1301 texit.

286 1349 370 1432 quod
394 1350 488 1414 nimis
510 1369 531 1413 a
552 1355 658 1414 verast
679 1349 775 1434 longe
800 1351 923 1416 ratione
945 1358 1121 1416 remotum:

285 1466 423 1550 quippe,
439 1465 491 1528 ubi
516 1465 565 1528 sol
588 1465 707 1528 nudurn
732 1472 932 1530 contractans
955 1485 1070 1550 corpus
1091 1467 1187 1558 aquai

210 1603 260 1649 855
287 1602 349 1644 non
376 1579 490 1661 quierit
513 1578 652 1642 calidum
675 1600 794 1664 supera
815 1580 856 1644 de
879 1581 1012 1646 reddere
1034 1588 1147 1666 parte,

285 1717 355 1760 cum
379 1715 525 1778 superum
549 1695 654 1760 iumen
677 1700 765 1759 tanto
788 1695 911 1761 fervore
935 1696 1075 1774 fruatur,

285 1812 338 1892 qui
362 1818 458 1892 queat
479 1809 530 1873 hic
553 1816 661 1894 supter
683 1817 747 1874 tarn
771 1831 880 1876 crasso
907 1832 1040 1895 corpore
1062 1817 1180 1876 terrain

284 1945 505 2009 perquoquere
528 1945 670 1989 urnorem
695 1933 726 1990 et
748 1927 854 1990 calido
879 1927 996 1991 satiare
1019 1926 1169 2010 vapore?

286 2041 474 2124 praesertim
497 2061 567 2104 curn
591 2042 642 2104 vix
665 2043 768 2125 possit
789 2063 848 2126 per
870 2049 962 2126 septa
985 2042 1151 2106 domorum

209 2175 260 2222 860
284 2155 446 2220 insinuare
471 2177 561 2220 suurn
584 2155 682 2221 radiis
708 2158 891 2222 ardentibus
913 2165 1055 2222 aestum.

287 2291 370 2353 quae
393 2272 503 2336 ratiost
525 2271 646 2355 igitur?
662 2272 693 2334 ni
717 2273 827 2335 rnirurn
842 2322 849 2356 ‚
866 2279 953 2337 terra
975 2272 1079 2355 magis
1103 2269 1188 2352 quod

284 2406 358 2454 rara
380 2393 467 2471 tepet
489 2386 607 2451 circum
629 2386 748 2450 fontem
774 2408 867 2468 quarn
891 2394 996 2451 cetera
1019 2387 1133 2469 tellus,

283 2503 446 2583 multaque
469 2507 543 2566 sunt
565 2501 648 2581 iguis
670 2521 770 2584 propo
793 2502 916 2566 semina
939 2522 1052 2586 corpus
1075 2500 1193 2582 aquai.

287 2616 346 2680 hoc
368 2617 421 2680 ubi
446 2615 588 2680 roriferis
611 2623 729 2706 terrain
754 2638 815 2680 nox
839 2617 945 2680 obruit
967 2617 1106 2699 umbris,

211 2751 261 2797 sco
289 2731 447 2814 extemplo
470 2733 595 2814 penitus
618 2730 761 2815 frigescit
783 2737 870 2794 terra
893 2731 1041 2812 coitque:

287 2847 345 2910 hac
368 2847 490 2908 ratione
513 2846 547 2908 fit
569 2851 622 2922 ut,
639 2853 704 2909 tarn
729 2867 825 2926 quam
848 2865 1031 2927 compressa
1056 2865 1150 2907 manu
1173 2845 1232 2927 sit,

256 2929 263 2950 ⁸
284 2961 440 3044 exprimat
462 2960 492 3022 in
517 2959 635 3024 fontem
661 2979 744 3042 quac
766 2959 889 3024 semina
912 2979 1046 3042 cumque
1069 2959 1167 3022 habet
1189 2958 1293 3042 ignis,

285 3094 366 3155 quac
390 3073 527 3139 calidum
550 3073 674 3139 faciunt
695 3084 798 3157 aqtiae
820 3081 940 3139 tactum
963 3082 1061 3156 atque
1084 3093 1252 3157 saporem.

283 3188 358 3253 inde
380 3191 434 3254 ubi
458 3191 506 3255 sol
529 3190 628 3254 radiis
650 3196 769 3254 terram
793 3189 925 3255 dimovit
947 3191 1079 3254 obortus

208 3325 258 3372 870
285 3311 316 3368 et
339 3323 410 3369 rare
432 3303 508 3368 fecit
530 3305 635 3368 calido
659 3304 813 3385 gliscente
836 3325 978 3388 vapore,

178 3423 180 3427 ’
282 3439 391 3483 rursus
416 3419 448 3482 in
471 3419 619 3500 antiquas
642 3417 778 3484 redeunt
800 3418 976 3504 primordia
998 3417 1092 3484 sedes

283 3533 388 3615 ignis,
406 3539 437 3597 et
458 3533 489 3596 iu
513 3539 628 3596 terram
654 3533 737 3598 cedit
760 3534 847 3598 calor
871 3533 973 3598 omnis
997 3532 1113 3613 aquai.

283 3646 419 3728 frigidus
442 3646 524 3710 hanc
548 3648 676 3712 obrem
700 3647 734 3710 fit
755 3647 827 3711 fons
850 3648 882 3712 in
906 3649 975 3711 luce
998 3647 1131 3708 diurna.

283 3768 454 3847 praeterea
476 3761 553 3825 solis
576 3761 673 3826 radiis
696 3761 834 3826 iactatur
856 3761 953 3842 aquai

115 3884 116 3888 ’
207 3898 258 3944 arc
283 3898 374 3942 umor
397 3877 483 3942 etin
505 3877 607 3942 lucem
629 3878 764 3942 tremulo
787 3875 921 3942 rarescit
942 3874 983 3938 ab
1006 3879 1116 3938 aestu:

288 4187 337 4233 846
357 4185 383 4232 in
409 4181 422 4252 Η
447 4185 496 4232 849
516 4182 633 4244 Frigidae
659 4178 673 4250 Η
697 4183 745 4230 851
767 4181 875 4244 partim.
901 4176 913 4247 Η
938 4181 987 4228 857
1008 4193 1082 4241 super
1102 4175 1114 4244 Η
1136 4179 1185 4226 858
1205 4177 1364 4239 Perquoccre
1391 4171 1404 4241 Η

285 4273 383 4321 scolare
404 4269 417 4338 Η
437 4273 488 4320 860
500 4285 555 4319 surn
577 4266 590 4338 Η
610 4272 659 4318 862
674 4269 741 4317 Para
753 4276 820 4317 tenet
840 4265 853 4334 Η
875 4269 926 4315 864
939 4266 1029 4314 undis.
1050 4263 1063 4332 Η
1084 4266 1134 4314 865
1152 4265 1250 4314 sonitus
1270 4261 1283 4332 Η
1304 4265 1405 4312 86815-

289 4359 348 4410 ticis
369 4357 382 4426 Η
403 4372 538 4423 vaporem.
560 4353 572 4424 Η
594 4359 644 4404 870
663 4357 783 4404 miscente
803 4355 816 4421 Η
837 4359 887 4404 8ῖ4
906 4355 973 4402 radis
1324 4367 1327 4374 ·
