3108 5034
728 525 743 588 1

169 701 236 758 tum
258 696 381 776 glacies
404 696 487 760 aeris
509 695 640 760 flamma
662 693 787 758 devicta
810 693 977 774 liquescit,

169 816 338 894 permanat
360 811 450 876 calcr
473 815 641 890 argentum
660 808 890 892 penetraleque
912 805 1034 887 frigus,

92 944 145 991 495
170 923 300 1006 quando
323 930 500 1006 utrumque*
513 943 611 987 manu
633 921 807 986 retinentes
828 920 947 1005 000010
968 919 1028 984 rite

169 1039 328 1104 sensimus
353 1038 459 1104 infuso
482 1038 685 1122 lympharum
707 1057 780 1102 0000
802 1055 960 1120 superne.

169 1172 271 1233 usque
294 1151 377 1217 adec
400 1152 431 1216 in
455 1153 551 1217 rebus
573 1152 669 1216 solidi
692 1151 737 1215 nil
761 1170 832 1216 esse
855 1149 999 1215 videtur.

169 1267 225 1332 sed
249 1265 325 1348 quia
346 1286 422 1331 vera
444 1273 553 1331 tamen
575 1267 657 1330 ratic
680 1271 859 1346 naturaque
884 1285 988 1329 rerum

171 1380 276 1464 cogit,
300 1380 399 1464 ades,
422 1381 536 1464 paucis
559 1381 634 1444 dum
656 1380 799 1445 versibus
823 1379 1033 1463 expediamus

93 1497 144 1562 500
169 1515 241 1561 0550
264 1515 302 1559 00
325 1514 408 1576 0000
431 1495 534 1559 solido
558 1500 653 1576 atque
676 1501 809 1559 0000000
833 1513 968 1578 0000000
990 1497 1154 1566 constent,

169 1609 292 1675 semina
315 1627 397 1690 quae
418 1627 524 1672 rerum
547 1607 784 1692 primordiaque
807 1627 878 1673 esse
901 1601 1072 1690 docemus,

167 1723 253 1788 unde
277 1723 378 1788 omnis
400 1740 507 1786 rerum
529 1742 614 1786 nunc
635 1727 757 1786 constet
781 1742 903 1786 summa
927 1727 1054 1788 ereata.

205 1835 365 1920 Principio
389 1837 540 1919 queniam
562 1835 681 1921 duplex
703 1841 819 1900 natura
842 1836 978 1904 duarum

167 1948 331 2016 dissimilis
354 1970 459 2016 rerum
482 1951 578 2032 lenge
602 1957 750 2016 constare
773 1957 950 2035 repertast,

88 2085 140 2132 505
166 2065 327 2150 corporis,
351 2071 447 2148 00000
469 2065 549 2149 1001,
573 2066 680 2130 resin
704 2087 767 2148 000
790 2085 936 2147 0000000
963 2072 1138 2155 geruntur,

167 2199 238 2244 0550
260 2184 429 2260 utramque
451 2179 512 2244 sibi
533 2200 590 2264 per
613 2199 649 2246 se
671 2200 848 2264 puramque
871 2185 1055 2245 necessest.

163 2312 239 2357 nam
262 2312 325 2375 000
348 2313 484 2374 cumque
506 2300 598 2358 vacat
621 2294 783 2377 spatium,
807 2293 894 2376 quod
917 2295 1015 2358 inane
1037 2313 1208 2378 vocamus,

165 2427 280 2491 000005
303 2427 343 2472 00
365 2429 428 2471 000
453 2413 520 2472 05οε
545 2428 609 2489 000
632 2429 726 2492 00000
751 2427 886 2489 cumque
909 2413 997 2472 tenet
1020 2427 1055 2472 se

166 2541 300 2606 corpus,
324 2541 364 2586 ea
386 2541 520 2586 vacuum
544 2541 748 2605 nequaquam
772 2528 896 2587 0005000
918 2522 1034 2586 inane.

87 2654 139 2700 510
165 2640 238 2698 sunt
259 2635 356 2717 igitur
378 2635 482 2700 solida
504 2655 542 2701 00
566 2637 635 2702 5100
658 2637 744 2700 inani
768 2655 904 2719 0000000
926 2636 1049 2718 prima.

165 2755 333 2832 praeterea
355 2749 504 2830 quoniam
528 2749 644 2833 genitis
667 2749 700 2813 in
725 2750 820 2814 rebus
840 2749 986 2832 inanest,

166 2863 329 2928 materiem
353 2863 469 2926 circum
492 2861 631 2928 solidam
654 2870 802 2930 constare
826 2869 1011 2928 necessest:
1080 2943 1083 2948 ,

166 2997 226 3041 nec
247 2996 300 3042 005
322 2976 388 3041 0110
410 2983 516 3060 000050
538 2999 613 3042 0000
636 2977 760 3062 0001000
782 2978 912 3062 probari

167 3111 301 3173 0000000
322 3091 416 3156 10000
439 3112 497 3157 500
521 3092 626 3158 001000
648 3097 743 3173 00000
766 3092 859 3178 intus¹
874 3091 996 3156 habere
1010 3144 1021 3166 „
1073 3151 1076 3158 .

89 3225 140 3272 515
165 3205 192 3269 si
215 3225 299 3282 non,
323 3204 410 3286 qued
432 3205 578 3280 cohibet,
603 3205 739 3269 solidum
764 3212 911 3270 constare
934 3207 1116 3288 relinquas:

166 3319 200 3383 id
221 3339 316 3403 00000
339 3319 384 3381 011
407 3337 478 3383 0550
500 3324 605 3402 000050
627 3318 689 3382 0151
712 3317 855 3382 materiai
945 3401 947 3408 Α

169 3431 359 3508 concilium,
383 3432 469 3512 quod
491 3431 587 3496 inane
611 3432 645 3495 in
668 3430 755 3496 rebu'
780 3438 875 3511 00000
898 3431 1065 3498 cohibere.

166 3545 314 3611 materies
337 3546 452 3630 igitur,
477 3546 579 3611 selide
605 3567 686 3627 0000
710 3567 842 3630 corpere
863 3552 1009 3644 0005000,

167 3679 238 3726 0550
260 3667 391 3724 0000000
414 3666 538 3744 000050,
562 3681 633 3724 0000
656 3667 764 3726 cetera
787 3661 1024 3728 dissoluantur.

89 3795 142 3841 500
167 3781 240 3848 0000Ι
255 3795 350 3857 porro
375 3775 401 3838 si
424 3775 468 3838 nil
492 3782 578 3840 esset
600 3775 686 3856 qued
709 3777 804 3842 inane
827 3783 974 3853 vacaret,

167 3909 261 3953 omne
283 3888 366 3954 foret
389 3889 547 3953 solidum:
570 3891 631 3954 nisi
655 3895 764 3954 000000
787 3911 922 3974 0000000
945 3896 1032 3955 00000

167 4009 292 4088 055000,
317 4023 399 4085 0000
421 4003 493 4067 1000
516 4005 711 4086 complerent
734 4024 816 4084 0000
838 4024 973 4085 cumque
995 4011 1161 4080 tenerent,
1184 3997 1191 4009 “

168 4137 262 4181 omne
285 4118 371 4200 qucd
394 4124 462 4194 est,
486 4118 625 4200 50001000
647 4138 782 4182 vacuum
806 4125 968 4184 constaret
989 4119 1106 4182 inane.

152 4231 299 4306 ‚alteruis
321 4233 436 4315 igitur,
459 4231 491 4294 ni
514 4230 649 4308 mirum,
673 4251 788 4314 000005
810 4232 899 4295 inani

167 4475 219 4522 500
239 4481 336 4522 constet
357 4469 369 4540 11
391 4477 439 4522 517
460 4475 535 4522 inane
554 4482 630 4534 queat
648 4489 731 4522 rerum
750 4470 764 4543 ΙΙ
786 4477 836 4523 520
855 4483 892 4524 est
911 4471 925 4542 Η
945 4485 1063 4526 vocaret.

1045 4573 1093 4640 2*
