3108 5034
298 367 340 431 26
853 359 869 421 Ι

225 555 274 600 770
299 532 408 598 omnia
430 538 461 596 et
483 533 515 594 in
538 551 642 595 7070777
666 536 799 594 naturas
822 529 939 594 vertier
964 527 1088 611 0777010,

299 665 418 727 magno
441 663 539 728 opere
562 665 583 709 a
604 665 679 709 vero
701 644 796 726 longe
819 641 970 708 derrasse
991 641 1157 706 videntur.

300 759 384 824 adde
409 760 505 825 etiarn
528 759 582 841 qui
605 757 832 842 conduplicant
853 757 1029 841 primordia
1050 775 1175 840 rerum,

300 881 379 939 0770
400 873 570 954 iungentes
592 873 678 956 igni,
701 878 884 953 terramque
907 871 1043 954 liquori,

199 962 201 966 ι
300 988 409 1069 etqui
432 993 580 1069 quattuor
602 1007 641 1051 ex
664 986 760 1050 rebus
781 1004 878 1069 posse
901 985 1009 1049 omnia
1030 991 1139 1050 rentur

225 1123 274 1170 715
302 1122 341 1166 ex
363 1102 429 1186 igni
452 1107 538 1166 terra
560 1107 657 1184 atque
680 1100 790 1165 anima
811 1119 1014 1183 procrescere
1037 1106 1069 1164 07
1090 1099 1205 1164 imbri.

299 1236 433 1297 quorum
457 1216 693 1297 Acragantinus
715 1235 787 1279 cum
809 1213 920 1299 primis
943 1213 1157 1298 Empedocles
1180 1221 1247 1298 est,

300 1329 405 1394 insula
428 1349 522 1412 quern
544 1329 705 1412 triquetris
726 1324 883 1392 terrarum
905 1329 1007 1409 gessit
1027 1329 1059 1392 in
1083 1329 1168 1412 cris,

299 1463 396 1524 quarn
418 1442 546 1508 fluitans
569 1443 687 1509 circum
709 1444 837 1524 magnis
861 1441 1060 1508 anfractibus
1082 1462 1204 1525 aequor

299 1557 423 1621 lonium
446 1557 571 1638 glaucis
594 1558 739 1641 aspargit
760 1558 847 1623 virus
870 1559 913 1624 ab
935 1557 1050 1634 undis,

226 1693 275 1738 700
301 1677 502 1755 angustoque
525 1671 608 1736 fretu
630 1672 777 1755 rapidum
799 1685 888 1738 mare
911 1671 1022 1736 dividit
1041 1671 1169 1737 undans

301 1785 415 1850 ltaliae
436 1791 593 1877 terrarum
615 1807 690 1851 0700
713 1807 734 1850 0
755 1786 871 1852 finibus
897 1787 986 1852 eius.

299 1898 350 1962 hic
372 1905 420 1964 est
442 1905 536 1964 vasta
558 1900 758 1986 Charybdis,
783 1908 814 1966 et
836 1901 887 1967 hic
909 1903 1058 1967 Aetnaea
1080 1900 1240 1964 minantur

299 2034 462 2079 murmura
483 2015 683 2080 flammarum
705 2035 829 2080 rursum
852 2035 886 2080 se
910 2015 1060 2099 colligere
1082 2015 1169 2091 iras,

300 2125 445 2194 faucibus
469 2136 597 2214 eruptos
620 2130 733 2195 iterum
755 2131 805 2195 vis
828 2137 862 2194 ut
883 2135 992 2195 vomat
1013 2129 1097 2212 ignis

132 2266 134 2270 ·
226 2261 274 2307 700
300 2241 343 2305 ad
367 2226 555 2327 caelumque
577 2243 662 2310 ierat
682 2225 832 2309 flammai
845 2245 976 2326 fulgura
997 2265 1141 2311 rursum.

300 2376 383 2438 quae
406 2377 477 2421 cunr
499 2379 619 2442 magna
640 2359 745 2424 modis
767 2359 874 2422 multis
896 2357 1047 2424 miranda
1068 2358 1192 2423 videtur

300 2471 448 2552 gentibus
470 2473 619 2538 humanis
640 2472 728 2554 regio
753 2472 952 2554 visendaque
974 2473 1096 2550 fertur,

299 2585 394 2650 rebus
418 2587 526 2671 opima
549 2589 661 2671 bonis,
684 2587 785 2652 7770170
807 2587 931 2652 munite
951 2591 1053 2651 virum
1075 2589 1126 2672 vi,

301 2700 347 2764 nii
369 2708 475 2766 tamen
498 2703 558 2767 1700
580 2702 732 2768 babuisse
753 2703 821 2767 viro
844 2701 1041 2785 praeclarius
1063 2703 1096 2766 in
1118 2721 1153 2768 se

227 2837 276 2884 730
301 2837 359 2882 nec
382 2825 526 2882 sanctum
548 2818 653 2898 magis
677 2823 707 2882 07
729 2817 844 2880 mirum
866 2837 1038 2898 carumque
1060 2815 1204 2882 videtur,

300 2931 443 2995 carmina
467 2930 664 3012 quinetiam
688 2930 785 2994 divini
807 2931 945 3015 pectoris
971 2931 1040 2997 eius

300 3043 516 3110 vociferantur
538 3051 569 3110 et
591 3051 755 3130 exponunt
776 3048 945 3130 praeclara
971 3053 1117 3134 reperta,

299 3165 335 3221 ut
357 3158 410 3221 vix
432 3159 574 3224 humana
596 3161 742 3226 videatur
765 3161 863 3245 stirpe
886 3167 1031 3227 creatus.

247 3287 249 3292 '
339 3273 399 3338 Hic
421 3280 529 3339 tamen
552 3281 584 3341 et
606 3297 704 3360 supra
728 3296 807 3358 quos
830 3275 967 3341 diximus
989 3277 1155 3341 interiores

173 3459 176 3464 ,
228 3409 276 3455 rao
301 3389 445 3472 partibus
469 3391 600 3472 egregie
623 3392 730 3455 multis
753 3391 916 3472 multoque
938 3391 1097 3464 minores,

302 3523 475 3584 quamqum
497 3505 598 3568 multa
620 3505 703 3570 bene
727 3525 766 3569 00
789 3505 942 3570 divinitus
963 3503 1162 3569 invenientes

300 3636 341 3682 ex
364 3617 463 3701 adyto
486 3623 553 3682 tam
576 3639 672 3699 quam
696 3619 801 3684 cordis
824 3640 980 3703 responsa
1003 3619 1121 3683 dedere

300 3731 441 3797 sanctius
464 3737 496 3796 07
517 3732 616 3796 multo
640 3738 728 3796 00770
750 3734 875 3798 70770770
897 3733 1001 3818 magis
1024 3733 1120 3814 quam

300 3845 417 3930 Pythia
440 3865 524 3928 quae
546 3846 674 3930 tripodi
687 3867 708 3910 0
730 3847 851 3913 Phoebi
874 3848 1030 3942 lauroque
1056 3846 1221 3932 profatur,

226 3981 276 4028 740
300 3960 467 4045 principiis
489 3960 649 4027 tamenin
671 3980 776 4026 rerum
800 3961 905 4027 100070
926 3961 1038 4027 ruinas

304 4228 353 4276 710
372 4228 435 4277 70771
457 4225 469 4296 p
492 4232 539 4277 711
560 4229 630 4293 longi
651 4226 665 4298 ΙΙ
687 4229 940 4294 716Agragantinus
961 4227 974 4297 11
997 4229 1156 4280 7207707170.
1178 4224 1192 4294 Η
1213 4229 1260 4277 771
1281 4225 1394 4278 Ηο00100
1414 4223 1428 4296 ΙΙ

303 4316 353 4366 724
372 4321 401 4364 ut
419 4315 517 4368 omnint
536 4313 550 4384 Η
571 4319 620 4366 777
640 4316 756 4366 flammae
777 4313 790 4383 11
812 4317 860 4366 739
880 4324 1012 4380 prosator.
