3140 5036
312 441 373 504 130
842 430 899 494 IIII

234 627 284 674 455
308 612 373 670 turn
398 604 531 687 vigilare
553 609 661 668 tamen
684 601 776 667 nobis
800 608 830 667 et
851 601 995 666 membra
1017 620 1145 666 movere

309 726 418 786 nostra
439 718 602 796 videmur,
620 725 652 784 et
673 718 713 809 in
729 720 830 782 noetis
854 717 991 800 ealigine
1014 736 1113 781 55555

310 854 439 901 5545545
462 853 630 900 censemus
652 833 752 898 solem
775 833 946 928 lumenque
969 831 1136 915 diurnum,

311 949 527 1030 conclusoque
550 949 621 1014 loeo
646 951 770 1013 eaelum
792 922 881 1013 mare
904 945 1034 1010 flumine
1056 945 1172 1010 montis

310 1071 432 1130 mutare
455 1070 485 1129 et
508 1083 637 1148 eampos
660 1064 796 1148 pedibus
818 1062 953 1127 transire
976 1059 1141 1144 videmur,

236 1201 287 1247 455
313 1185 345 1244 54
367 1179 488 1244 sonitus
511 1179 643 1263 audire,
660 1198 772 1244 severe
795 1177 922 1242 silentia
945 1178 1045 1242 noetis

312 1292 454 1373 undique
477 1313 547 1357 eum
571 1298 734 1371 constent,
750 1299 781 1358 et
804 1291 939 1358 reddere
962 1293 1046 1356 dieta
1067 1295 1228 1355 tacentes.

311 1413 417 1471 554545
440 1405 479 1470 de
502 1426 620 1487 genere
641 1406 702 1471 hoe
724 1407 846 1470 miraeli
869 1406 969 1470 455445
991 1405 1156 1481 videmus,

313 1540 394 1602 quae
417 1521 537 1585 violare
560 1521 654 1586 fidem
677 1521 770 1602 quasi
795 1520 941 1584 sensibus
964 1521 1071 1584 omnia
1094 1521 1271 1600 quaerunt,

311 1654 352 1698 ne
377 1634 548 1716 quiquam,
566 1634 716 1715 qnoniam
737 1654 813 1718 pers
836 1635 948 1698 horum
972 1633 1112 1697 maxima
1134 1631 1217 1694 fallit

238 1769 288 1816 455
313 1754 443 1832 propter·
466 1749 611 1831 opinatus
635 1749 754 1826 animi,
772 1767 852 1830 quos
875 1747 1022 1812 addimus
1045 1747 1126 1829 ipsi,

312 1884 368 1946 pro
392 1863 468 1927 visis
491 1870 524 1926 ut
547 1863 609 1928 sint
633 1883 715 1944 quae
739 1884 803 1927 non
826 1869 899 1928 sunt
922 1861 1059 1928 sensibu'
1082 1862 1174 1925 visa:

313 1997 387 2041 nam
411 1979 455 2066 544
478 1979 606 2060 aegrius
630 1986 678 2044 est
701 1998 797 2060 quarn
820 1997 873 2042 res
896 1997 1064 2042 secernere
1088 1981 1216 2060 apertas

313 2092 354 2155 ab
379 2091 503 2178 dubiis,
521 2094 645 2158 animus
669 2115 748 2176 quas
771 2095 812 2158 ab
836 2113 871 2159 se
893 2093 1037 2175 protinus
1060 2091 1169 2156 addit.

351 2208 499 2288 Denique
522 2207 566 2271 nil
590 2209 661 2272 seiri
685 2209 784 2291 siquis
808 2215 916 2292 putat,
934 2208 966 2271 id
991 2225 1117 2289 quoque
1140 2205 1241 2270 4455544

238 2341 289 2386 470
315 2341 356 2384 en
379 2321 452 2385 55444
475 2321 596 2406 possit,
614 2323 763 2404 quoniam
787 2323 830 2387 nil
853 2323 933 2388 seire
957 2321 1093 2386 fatetur.

312 2434 396 2498 hune
418 2435 515 2516 igitur
537 2442 648 2501 contre
671 2437 793 2501 mittem
817 2435 1007 2502 contendere
1031 2455 1181 2518 eausam,

315 2549 369 2629 qui
393 2549 497 2632 eapite
520 2550 590 2634 ipse
613 2572 672 2616 555
694 2552 726 2615 45
749 2552 858 2616 statuit
879 2551 1014 2634 vestigia
1037 2569 1129 2614 sese.

315 2667 345 2726 et
367 2667 474 2726 temen
496 2663 557 2728 hoe
580 2685 708 2748 quoque
730 2667 775 2730 uti
799 2667 970 2732 eoncedum
994 2665 1093 2747 seire,
1112 2669 1145 2728 54
1166 2663 1199 2727 id
1221 2663 1325 2746 ipsum

316 2795 487 2862 quaeram,
505 2799 575 2843 eum
598 2781 631 2844 in
652 2781 746 2845 rebus
768 2779 834 2844 veri
858 2781 904 2842 nil
926 2779 1040 2843 viderit
1061 2783 1158 2852 ante,

239 2910 289 2955 475
316 2890 400 2954 unde
424 2891 504 2955 55454
527 2893 602 2974 quid
626 2895 666 2957 sit
688 2893 769 2958 seire
792 2900 823 2957 et
846 2891 967 2956 nescire
990 2891 1149 2972 vicissim,

315 3004 461 3067 notitiam
483 3006 549 3070 veri
573 3026 727 3087 quaeres
750 3007 889 3088 falsique
912 3004 1045 3087 crearit,

317 3123 348 3180 et
370 3116 499 3182 dubium
524 3126 609 3184 eerto
634 3141 716 3202 quae
739 3141 790 3187 res
813 3121 939 3186 differre
961 3119 1121 3204 probarit.

315 3229 457 3295 invenies
481 3233 591 3314 primis
614 3235 653 3298 ab
676 3237 823 3301 sensibus
845 3255 916 3300 esse
940 3241 1078 3299 creatam

316 3343 459 3408 notitiem
480 3346 568 3430 veri,
585 3365 689 3429 neque
712 3368 825 3413 sensus
848 3369 944 3432 posse
966 3347 1089 3413 4545444.

242 3474 292 3520 455
316 3476 388 3518 nem
412 3459 530 3522 meiere
553 3460 615 3526 fide
639 3461 734 3526 debet
755 3462 922 3544 reperirier
943 3461 1042 3535 illud,

316 3575 431 3650 sponte
453 3591 512 3636 555
535 3575 619 3640 veris
643 3563 728 3657 q‘uod
750 3574 852 3658 possit
873 3574 999 3638 vineere
1022 3572 1127 3636 false:

316 3682 391 3762 quid
414 3685 532 3750 maiore
555 3688 616 3752 fide
638 3708 733 3771 porro
757 3707 852 3769 quarn
875 3706 995 3750 sensus.
1010 3687 1122 3751 heberi

316 3794 438 3860 debet?
454 3821 496 3863 an
518 3803 558 3866 ab
582 3820 677 3866 sensu
699 3800 780 3864 falso
803 3801 884 3865 ratio
909 3805 979 3864 orta
1000 3799 1119 3865 valebit

315 3909 423 3975 dieere
446 3931 503 3976 eos
527 3918 656 3996 eontra,
674 3931 757 3993 qnae
779 3917 847 3977 tote
868 3914 908 3978 eb
932 3915 1078 3980 sensibus
1102 3921 1171 3979 orta
1194 3914 1270 3980 est‘?

165 4017 168 4022 ’
240 4040 290 4087 455
317 4023 370 4104 qni
391 4025 454 4088 nisi
477 4031 550 4090 sunt
571 4026 635 4091 veri
650 4075 657 4110 ,
675 4026 756 4091 ratio
780 4047 905 4110 quoque
928 4029 1011 4095 45455
1032 4030 1067 4094 44
1088 4029 1210 4094 omnis.

317 4190 517 4198 Ἥ

318 4292 368 4337 455
388 4291 501 4340 videatur
525 4287 538 4359 Η
563 4295 614 4340 460
634 4293 744 4342 montis.
770 4291 782 4362 Η
808 4297 859 4342 4442
878 4295 992 4343 mirande
1013 4291 1025 4361 Η
1046 4297 1094 4342 471
1115 4293 1220 4341 4444455444
1245 4291 1257 4361 b
1284 4297 1333 4343 472
1352 4312 1399 4344 555
1419 4291 1433 4363 Η

319 4379 370 4424 475
389 4378 521 4425 vicissem.
543 4375 556 4445 Η
576 4382 626 4426 479
646 4395 719 4427 55555
1232 4391 1238 4404 ·
