3140 5032
264 419 266 424 2
307 385 369 450 208
847 377 891 442 VI

307 551 469 634 suseipere
491 548 572 614 haee
594 549 692 614 animi
715 548 889 631 tranquilla
911 569 993 634 paee
1017 549 1162 614 valebis.

307 665 382 731 inde
404 664 511 730 videre
535 664 609 730 lieet
632 661 736 743 qualis
758 661 823 726 iam
845 665 912 730 vitu
935 671 1107 746 sequatur.

250 803 283 849 80
308 755 408 863 quam
427 778 555 861 quidem
578 786 612 843 ut
633 798 654 842 a
675 777 769 844 nobis
792 779 874 844 ratio
896 779 1065 846 verissima
1087 780 1183 862 lenge

306 895 436 978 reiciat,
454 913 646 976 quamquam
669 901 743 958 sunt
765 915 785 957 a
806 913 857 960 rue
880 895 980 958 multa
1001 893 1166 978 profesta,

308 1011 406 1074 multa
428 1015 535 1074 tamen
557 1015 678 1074 restant
701 1014 731 1073 et
754 1015 827 1074 sunt
849 1008 995 1074 ornanda
1017 1009 1124 1092 politis

307 1125 472 1190 versibus:
492 1131 540 1190 est
562 1125 644 1190 ratio
668 1122 812 1207 fulgendi
835 1123 946 1206 visque
968 1123 1122 1207 tenendi,

308 1245 380 1306 sunt
404 1245 609 1323 tempestates
632 1244 665 1304 et
687 1238 821 1304 fulmina
841 1239 930 1304 elara
952 1237 1119 1315 canenda,

251 1375 283 1423 85
310 1354 410 1442 [quid
433 1354 554 1420 faciant
575 1362 605 1418 et
628 1374 692 1436 qua
715 1354 754 1420 de
779 1375 876 1420 eausa
899 1373 1034 1436 eumque
1056 1347 1225 1433 ferantur;¹

309 1491 347 1534 ne
371 1469 511 1554 trepides
533 1471 618 1536 eaeli
640 1470 751 1536 divisis
774 1469 918 1554 partibus
941 1489 1072 1552 amens,

308 1585 392 1650 unde
414 1585 528 1650 volans
551 1584 635 1667 ignis
659 1586 839 1669 pervenerit
861 1585 969 1648 autin
993 1591 1097 1648 utram
1119 1603 1156 1650 se

308 1699 439 1764 verterit
463 1699 534 1764 hine
556 1698 692 1784 partim,
710 1720 773 1781 quo
795 1705 888 1783 paeto
913 1719 970 1784 per
992 1700 1063 1764 leea
1086 1706 1178 1782 septa

307 1815 494 1891 insinuarit,
510 1822 542 1880 et
563 1815 636 1878 hine
659 1814 841 1879 dominatus
864 1820 899 1878 ut
921 1815 1068 1880 extulerit
1090 1835 1124 1878 se
1139 1813 1168 1900 .]

251 1950 283 1995 90
309 1949 442 2012 querum
465 1951 597 2012 operum
621 1949 735 1994 causas
759 1929 848 1994 nulla
871 1930 994 1996 ratione
1016 1923 1125 1994 videre

309 2049 443 2126 possunt
466 2064 504 2108 ae
527 2043 594 2109 fieri
619 2044 726 2108 divine
750 2045 880 2110 numine
903 2051 1030 2112 rentur.

308 2163 341 2220 tu
364 2158 440 2222 mihi
465 2179 632 2243 supremae
654 2161 853 2242 praeseribta
876 2159 919 2224 ad
942 2160 1082 2226 eandida
1104 2159 1201 2224 ualuis

308 2275 444 2337 currenti
468 2275 606 2358 spatium
628 2280 869 2358 praemonstra,
888 2273 1006 2340 eallida
1029 2294 1120 2338 musa

309 2388 474 2471 Calliope,
493 2391 619 2472 requies
641 2389 804 2454 hominum
828 2389 1000 2471 divomque
1022 2390 1192 2472 voluptas,

251 2495 294 2569 00”
308 2507 339 2568 te
362 2503 442 2569 duee
466 2510 500 2568 ut
521 2505 639 2586 insigni
663 2479 787 2588 sapiam
812 2525 882 2570 eum
905 2505 1000 2569 laude
1023 2523 1194 2568 eoronam.

348 2619 507 2702 Principio
530 2619 648 2684 tonitru
672 2621 854 2701 quatiuntur
878 2619 1006 2685 caerula
1030 2619 1110 2684 eaeli

307 2741 480 2817 prepterea
504 2735 579 2816 quia
603 2741 793 2800 eorreurrunt
815 2734 949 2799 sublime
971 2734 1119 2798 volantes

308 2847 470 2916 aetheriae
494 2849 593 2914 nubes
617 2855 728 2914 eontra
750 2848 955 2932 pugnantibu’
980 2848 1104 2912 ventis.

309 2983 367 3028 nec
390 2964 423 3027 fit
446 2965 530 3028 enim
553 2964 675 3029 sonitus
698 2964 778 3028 eaeli
801 2962 841 3028 de
864 2968 956 3046 parte
979 2982 1113 3046 serena,

235 3098 285 3144 100
309 3099 415 3142 verum
440 3079 493 3143 ubi
517 3099 651 3161 eumque
677 3079 778 3161 magis
802 3077 901 3142 dense
926 3083 999 3142 sunt
1022 3079 1150 3160 agmine
1173 3078 1295 3160 nubes,

309 3198 374 3256 tam
396 3193 498 3276 magis
521 3193 594 3258 hine
617 3213 735 3277 magno
758 3192 900 3258 fremitus
923 3193 956 3256 fit
979 3212 1137 3257 murmure
1160 3212 1279 3275 saepe.

308 3315 475 3392 praeterea
498 3327 601 3389 neque
623 3315 689 3372 tam
713 3305 876 3372 condenso
900 3328 1033 3392 eorpore
1056 3308 1157 3372 nubes

311 3444 382 3488 esse
406 3430 523 3504 queunt
546 3443 640 3504 quam
664 3421 885 3505 suntlapides
908 3443 946 3486 ae
969 3425 1078 3506 tigna,
1094 3441 1199 3502 neque
1223 3426 1331 3486 autem

309 3545 374 3602 tam
396 3545 508 3602 tenues
533 3557 627 3618 quarn
651 3543 725 3602 sunt
747 3537 885 3602 nebulae
911 3537 1050 3617 t'umique
1072 3537 1238 3600 volantes:

237 3675 286 3722 105
311 3673 386 3718 nam
412 3653 527 3717 eadere
551 3653 593 3716 ab
615 3651 708 3716 bruto
732 3652 884 3716 deberent
906 3652 1047 3735 pendere
1070 3669 1201 3734 pressae

309 3775 343 3833 ut
364 3768 510 3852 lapides,
527 3773 581 3830 aut
604 3771 638 3829 ut
660 3763 766 3832 funins
790 3774 937 3832 constare
960 3765 1127 3846 nequirent

311 3903 368 3951 nee
392 3883 540 3948 cohibere
562 3881 653 3946 nives
677 3881 803 3962 gelidas
827 3888 858 3945 et
879 3879 1046 3964 grandinis
1070 3879 1200 3945 imbris.

315 4189 348 4236 83
367 4195 393 4236 et
408 4185 474 4234 ratio
494 4186 620 4248 caelisque
638 4185 763 4234 tenenda.
789 4181 802 4250 Η
827 4185 861 4233 84
879 4183 985 4232 flumina
1010 4180 1022 4251 Η
1049 4186 1081 4234 86
1102 4184 1211 4247 trepidas
1231 4178 1244 4249 Η
1265 4185 1296 4232 87
1317 4199 1437 4246 pervene-

314 4283 351 4324 ret
376 4275 389 4340 Η
416 4277 447 4322 01
467 4275 512 4324 fier
536 4272 549 4340 Η
576 4276 607 4322 92
628 4271 776 4337 prescribita
794 4287 824 4320 ac
849 4267 862 4338 Η
886 4271 975 4320 callis.
1001 4268 1013 4339 Η
1039 4271 1159 4322 0510001
1185 4267 1198 4337 Η
1226 4272 1274 4320 102
1294 4271 1396 4322 Pretere
1422 4271 1435 4340 Η

315 4377 392 4410 nure.
413 4355 427 4427 Η
450 4365 498 4411 103
518 4362 620 4426 pepides
639 4377 668 4410 ac
688 4360 760 4423 iigna
780 4357 792 4426 Η
816 4361 864 4408 100
884 4358 924 4407 avi
1205 4366 1207 4370 ·
