3108 5034
717 483 733 546 1

160 677 234 719 nam
257 655 381 736 quidvis
405 655 496 720 citius
518 653 650 738 dissolvi
672 673 770 736 posse
792 653 937 718 videmus

161 789 257 852 quam
280 789 388 836 misus
409 769 516 847 refici;
541 787 603 850 qua
625 763 756 850 propte'r
777 767 876 852 longa
899 767 962 832 diei
1038 807 1043 818 ·

159 883 284 948 infinita
308 888 398 948 aetas
420 889 493 948 ante
516 883 580 947 acti
603 881 756 964 temporis
777 881 878 946 omnis

162 997 246 1080 quod
268 997 421 1080 fregisset
443 996 546 1062 adhuc
569 996 750 1062 disturbans
773 994 1042 1078 dissoluensque,

83 1134 136 1180 566
162 1132 333 1193 numquam
355 1111 475 1176 relicuo
497 1110 640 1194 reparari
662 1116 804 1194 tempore
826 1115 957 1193 posset.

162 1231 196 1289 at
217 1244 319 1308 nuno,
343 1226 374 1289 ni
396 1225 530 1308 mirum,
554 1223 725 1304 frangendi
747 1221 874 1288 reddita
896 1223 968 1289 linis

161 1345 397 1418 commanet,
422 1339 573 1420 quoniam
595 1337 683 1402 refici
707 1357 773 1401 rem
797 1357 955 1420 quamque
977 1338 1122 1404 videmus

164 1459 195 1516 et
216 1453 306 1516 finita
329 1452 422 1516 simul
444 1455 624 1533 generatim
645 1457 792 1534 tempora
815 1453 909 1517 rebus

163 1575 269 1652 stare,
294 1566 407 1649 quibus
428 1565 554 1650 possint
575 1565 644 1630 aevi
669 1566 856 1647 contingere
877 1567 1009 1648 florem.

5 1689 7 1694 ’
84 1703 137 1752 565
163 1684 224 1748 huc
246 1680 372 1746 accedit
392 1679 455 1754 uti,
480 1678 677 1744 solidissima
698 1679 846 1743 materiai

163 1815 298 1881 corpora
322 1815 391 1859 cum
415 1799 581 1869 constant,
603 1793 729 1876 possint
750 1798 857 1859 tamen
880 1797 988 1860 omnia
1008 1795 1099 1860 reddi

161 1910 271 1974 mollia
294 1907 494 1990 quaedum,
519 1914 594 1984 adr,
618 1927 724 1990 aqua,
748 1913 852 1987 terra,
875 1928 1032 1994 vapores,

83 2046 136 2094 566
163 2023 337 2088 admixtum
361 2023 510 2104 quoniam
533 2021 630 2087 semel
655 2027 703 2086 est
725 2023 757 2086 in
781 2024 874 2088 rebus
896 2023 1016 2089 inane:

163 2145 198 2203 at
220 2144 328 2203 contra
351 2137 376 2202 si
400 2137 510 2201 mollia
532 2135 596 2201 sint
617 2137 791 2220 primordia
813 2157 937 2213 rerum,

160 2252 244 2318 unde
268 2255 386 2334 queant
406 2249 506 2315 validi
529 2251 636 2316 silices
658 2251 838 2332 ferrumque
861 2253 963 2316 creari

161 2387 226 2434 non
247 2366 365 2452 poterit
386 2365 466 2429 ratio
489 2364 602 2430 reddi:
625 2383 700 2429 narn
722 2364 864 2430 funditus
889 2367 992 2432 omnis

160 2481 317 2566 principio
339 2479 536 2546 fundamenti
558 2487 670 2544 natura
693 2479 832 2544 carebit.

159 2601 233 2662 sunt
254 2593 350 2678 igitur
371 2595 476 2660 solida
497 2595 653 2679 pollentia
676 2595 898 2678 simplicitate,
999 2634 1002 2638 -

83 2733 135 2780 575
162 2731 295 2794 quorum
320 2709 482 2775 condenso
506 2711 608 2794 magis
631 2709 739 2773 omnia
762 2709 931 2775 conciliatu

160 2824 259 2890 artari
281 2829 417 2910 possunt
439 2823 628 2904 validasque
651 2823 819 2889 ostendere
843 2823 940 2888 viris.

203 2942 301 3005 Porro
325 2940 350 3003 si
373 2939 492 3004 nullast
514 2937 700 3020 frangendis
722 2916 848 3005 reddita
869 2937 942 3003 finis

161 3055 367 3138 corporibus,
391 3060 497 3118 tamen
522 3073 562 3118 ex
586 3061 715 3120 aeterno
738 3061 881 3138 tempore
905 3055 1062 3137 quaedam

143 3189 245 3234 nnnc
268 3170 364 3234 ctiam
389 3188 541 3252 superare
564 3176 727 3234 necessest
750 3190 885 3253 corpora
908 3171 1022 3245 rebus,

85 3305 137 3354 586
163 3303 245 3366 quae
267 3303 331 3370 non
354 3283 429 3346 dum
453 3282 580 3346 clueant
601 3284 666 3348 ullo
690 3289 845 3366 temptata
866 3283 1008 3366 periclo:

161 3405 196 3463 at
220 3399 367 3480 quoniam
392 3397 499 3483 fragili
524 3403 641 3462 natura
663 3397 809 3482 praedita
832 3403 999 3482 constant,

162 3513 324 3597 discrepat
346 3519 510 3579 aeternum
533 3519 658 3598 tempus
681 3514 824 3598 potuisse
849 3535 978 3581 manere

162 3628 446 3694 innumerabilibus
468 3629 576 3714 plagis
598 3635 714 3695 vexata
739 3649 795 3713 per
817 3649 952 3696 aevom.

163 3741 302 3824 denique
324 3743 386 3806 iam
411 3744 559 3825 quoniam
583 3745 759 3826 generatim
781 3744 909 3809 reddita
931 3745 1002 3811 finis

87 3879 137 3927 565
164 3857 328 3923 crescendi
351 3859 446 3923 rebus
470 3865 593 3924 constat
614 3859 775 3943 vitamque
797 3860 948 3945 tenendi,

87 3992 138 4042 566
164 3993 228 4054 quo
251 3978 345 4055 pacto
368 3971 446 4036 liant
468 3979 499 4038 et
521 3993 586 4056 qua
608 3975 637 4038 vi
662 3992 810 4057 quaeque
833 3980 1004 4060 gerantur,

86 4108 137 4157 aas
163 4092 195 4154 et
219 4087 295 4170 quid
319 4107 466 4169 quaeque
489 4094 607 4170 queant
628 4109 685 4174 per
707 4088 838 4156 foedera
860 4089 986 4154 naturai
999 4141 1012 4166 ‚,

163 4355 214 4405 562
234 4355 308 4405 refice
330 4353 343 4422 Η
364 4356 467 4404 demus.
490 4350 502 4421 ll
523 4357 573 4404 569
593 4356 794 4422 Admixtumqne
815 4354 827 4428 ll
849 4358 899 4407 578
913 4371 1043 4424 aquaeque.
1065 4355 1078 4430 ll
1099 4359 1150 4408 580
1164 4357 1263 4410 civeant
1276 4355 1289 4429 ll

165 4443 217 4496 584
237 4443 370 4511 generatin
389 4439 403 4514 ll
424 4444 474 4494 585
489 4442 635 4496 Crescendis
