3140 5032
260 341 323 407 232
799 335 844 399 VI

263 509 424 590 multaque
446 513 614 592 praeterea
634 506 822 588 languentia
844 507 986 572 membra
1009 527 1065 590 per
1087 513 1174 574 artus

264 623 391 687 solvunt
411 628 507 704 atque
530 622 669 686 animam
693 612 894 686 labefactarit
916 622 1046 686 sedibus
1064 621 1172 686 intus.

263 737 400 818 denique
423 737 450 800 si
475 736 587 802 calidis
612 736 707 800 etiam
731 743 880 802 cunctare
903 737 1045 802 lavabris

188 870 238 916 800
262 851 385 933 plenior·
408 857 440 916 et
461 850 601 928 laveris,
619 851 699 915 solio
723 847 875 915 ferventis
898 851 993 932 aquai

265 986 364 1046 quam
386 965 483 1030 facile
505 966 538 1028 in
561 964 667 1030 medio
690 963 725 1027 fit
747 965 791 1028 uti
815 965 873 1030 des
896 985 995 1050 saepe
1018 964 1148 1040 ruinas,

189 1098 237 1145 003
264 1079 432 1145 concidere
455 1086 487 1145 et
509 1100 654 1164 spumam
676 1085 710 1142 ut
733 1079 786 1161 qui
809 1080 920 1145 morbo
943 1081 1067 1145 mittere
1090 1080 1212 1144 suevit!

188 1212 238 1259 son
264 1195 504 1276 carbonumque
527 1193 636 1277 gravia
658 1195 706 1258 vis
729 1199 824 1275 atque
849 1193 928 1260 odor
950 1195 1131 1259 insinuatur·

188 1356 190 1360 -
267 1329 362 1389 quam
386 1307 482 1374 facile
506 1309 539 1372 in
562 1309 747 1384 cerebrum,
763 1309 824 1374 uisi
847 1329 965 1390 aquam
987 1309 1211 1394 praecepimus
1234 1309 1328 1372 ante!

267 1429 301 1486 at
323 1443 393 1488 cum
409 1423 560 1498 membra
583 1424 696 1487 domus
719 1425 862 1507 percepit
884 1423 1034 1489 fervidior
1055 1424 1124 1497 vis,

190 1557 240 1604 805
267 1545 332 1602 tum
355 1538 389 1602 fit
412 1539 492 1603 odor
513 1539 572 1604 viri
596 1539 714 1620 plagae
737 1539 915 1603 mactabilis
938 1539 1059 1602 instar.

265 1674 371 1718 nonne
394 1653 485 1718 videa
508 1655 604 1719 etiam
627 1662 712 1720 terra
736 1675 862 1738 quoque
885 1654 996 1738 sulpur
1018 1655 1050 1718 in
1073 1653 1145 1736 ipsa

266 1767 390 1850 gignier
413 1775 445 1833 et
467 1777 568 1835 taetro
592 1790 799 1836 concrescere
823 1770 921 1834 odore
944 1770 1107 1845 bitumen;

266 1881 404 1963 deniqne
428 1884 482 1947 ubi
505 1886 630 1966 argenti
652 1905 754 1950 venas
777 1884 909 1966 aurique
932 1889 1100 1967 secuntur,

265 1997 360 2060 terrai
374 1999 508 2085 penitus
531 2005 709 2065 scrutantes
732 2000 845 2065 abdita
868 2000 974 2083 ferro,

192 2130 242 2178 810
267 2113 372 2194 qualis
397 2114 519 2196 expiret
541 2115 753 2198 Scaptensula
775 2115 883 2181 subter
907 2101 1050 2181 odores?

267 2226 383 2308 quidve
405 2231 483 2295 mali
505 2231 539 2295 lit
562 2237 595 2296 ut
618 2231 767 2296 exhalent
789 2238 902 2297 aurata
923 2228 1073 2296 metalla!

269 2362 350 2422 quas
374 2343 535 2410 hominnm
559 2323 696 2412 reddunt
719 2345 817 2411 facies
841 2345 1008 2427 qualisque
1031 2342 1176 2408 colores!

268 2479 374 2523 nonne
397 2460 487 2526 vides
510 2461 643 2541 audisve
665 2461 768 2545 perire
790 2461 822 2525 in
845 2468 1107 2545 temporeparvo

272 2594 367 2655 quarn
390 2574 536 2660 soleant,
554 2582 586 2641 et
609 2597 705 2658 quam
727 2576 803 2640 vitai
828 2575 921 2658 copia
944 2573 1046 2657 desit,

193 2706 242 2753 815
269 2708 349 2768 quos
373 2709 469 2773 opere
491 2691 524 2754 in
546 2692 603 2755 tali
627 2691 753 2756 cohibet
774 2691 822 2756 vis
845 2709 966 2770 magna
988 2689 1159 2754 necessis‘?

268 2803 326 2867 hos
350 2802 447 2884 igitur
469 2805 563 2870 tellus
586 2807 688 2870 omnis
712 2810 880 2870 exaestuat
902 2810 1011 2868 aestus

272 2919 459 3002 expiratque
482 2918 569 2984 foras
592 2921 624 2984 ln
647 2925 791 3004 apertum
814 2926 1024 3004 promptaque
1048 2917 1149 2982 caeli.

308 3032 360 3096 Sic
384 3052 423 3097 ea
446 3037 574 3098 Averna
596 3035 669 3100 loca
692 3035 822 3098 alitibus
846 3035 1040 3102 summittere
1062 3033 1181 3097 debent

273 3146 466 3212 mortiferam
489 3149 572 3227 vim,
589 3152 629 3216 de
652 3157 738 3215 terra
761 3169 843 3232 quae
866 3153 967 3232 surgit
989 3149 1023 3212 in
1045 3165 1161 3229 auras,

192 3282 243 3328 800
269 3269 303 3326 ut
325 3263 461 3345 spatium
485 3265 566 3329 caeli
589 3266 725 3347 quadam
749 3266 789 3329 de
811 3271 902 3348 parte
924 3269 1082 3330 venenet:

269 3397 330 3456 quo
354 3377 447 3441 simul
470 3398 508 3442 ac
530 3379 665 3462 primurn
688 3380 801 3463 pennis
824 3379 934 3444 delata
956 3379 1105 3460 alteias,

267 3491 459 3572 impediatur
481 3491 525 3556 ibi
548 3511 644 3558 caeco
668 3498 814 3576 correpta
835 3513 980 3576 veneno,

268 3611 303 3668 ut
326 3605 422 3670 cadat
444 3627 461 3670 e
484 3607 617 3687 regione
640 3607 721 3690 loci,
740 3626 804 3687 qua
827 3605 944 3687 derigit
967 3612 1093 3672 aestus.

270 3741 332 3802 quo
357 3741 428 3785 cum
451 3721 592 3804 conruit,
610 3719 662 3784 hic
684 3721 799 3785 eadem
822 3721 870 3784 vis
892 3721 978 3786 illius
1002 3727 1109 3785 aestus

269 3921 470 3929 ——m-

499 3997 505 4023 l

221 4039 225 4046 ⁴
272 4053 321 4101 798
340 4051 495 4102 labefaciant
518 4051 531 4120 Η
559 4057 607 4103 799
628 4063 745 4106 cunctere
771 4052 783 4122 Η
808 4057 858 4104 800
882 4053 992 4102 efflueris
1019 4049 1032 4120 Η
1058 4054 1107 4101 801
1134 4052 1165 4101 de
1189 4049 1203 4120 Η
1228 4056 1277 4104 793
1301 4069 1391 4117 pumos

270 4140 313 4204 qui
334 4137 347 4206 Η
368 4142 417 4188 803
437 4142 564 4190 celebrum
589 4139 601 4209 Η
622 4158 688 4204 aqua
707 4140 720 4207 Η
741 4145 792 4191 804
812 4143 918 4190 domnus
938 4140 951 4208 Η
972 4141 1109 4190 fervidaser
1129 4137 1142 4209 Η
1163 4143 1213 4190 805
1232 4142 1283 4190 vini
1304 4139 1318 4208 Η
1338 4145 1388 4191 806

271 4228 343 4290 ipso.
365 4225 377 4294 Η
398 4231 448 4277 808
468 4237 573 4292 argento
594 4226 607 4295 Η
628 4231 676 4277 811
691 4229 811 4277 metulla.
833 4227 846 4296 Η
867 4231 917 4277 818
936 4229 1024 4278 audire
1044 4227 1057 4296 Η
1079 4231 1129 4277 815
1142 4239 1282 4278 necessest.
1304 4226 1317 4297 Η
1338 4231 1389 4278 818

274 4325 298 4362 et
317 4316 330 4383 Η
352 4316 434 4364 locam
454 4316 546 4365 alitbns
566 4315 578 4382 Η
600 4318 650 4363 820
669 4303 765 4380 patiam
785 4314 799 4383 Η
820 4317 930 4377 quodam
