3140 5032
289 404 349 466 186
832 391 859 454 V

209 545 211 549 ⁸
286 572 349 629 tum
373 565 498 629 demum
521 562 628 646 pueris
651 583 731 627 aevo
754 561 885 626 florente
907 561 1054 626 iuventas

289 679 403 761 0009099
425 679 456 738 09
477 673 565 737 molli
588 675 681 741 vestit
702 677 855 757 lanugine
878 676 999 752 malas;

213 815 263 861 890
287 792 431 857 neforto
454 809 494 854 ex
517 789 645 877 homine
666 795 698 854 et
720 790 862 854 veterino
886 788 1008 853 semine
1031 807 1184 869 equorum

288 905 416 972 confieri
440 903 554 968 eredas
578 902 753 968 Centauros
775 923 871 986 posse
894 921 997 983 neque
1020 922 1111 979 esse,

288 1025 343 1084 ant
363 1017 484 1083 rabidis
509 1016 642 1081 canibus
665 1017 842 1081 0990099909οι
865 1016 1075 1081 semimarinis

289 1132 475 1217 corporibus
498 1129 625 1212 Scyllas
640 1178 647 1211 ‚
665 1136 696 1193 09
719 1137 824 1194 uetera
846 1129 888 1194 de
911 1148 1028 1214 genere
1050 1131 1183 1212 horum,

287 1247 369 1310 inter
391 1265 426 1310 se
450 1265 582 1326 quorum
607 1243 769 1307 discordia
790 1244 935 1308 membra
955 1244 1122 1322 videmus3

213 1381 262 1426 sao
289 1379 372 1442 quae
395 1378 497 1440 neque
519 1358 689 1422 florescunt
711 1357 830 1440 pariter
853 1377 912 1422 neo
934 1359 1052 1422 robora
1075 1363 1202 1423 sumunt

289 1473 475 1556 corporibus
497 1489 600 1552 neque
623 1469 781 1552 proiciunt
803 1477 908 1537 aetate
931 1479 1081 1556 senecta,

288 1606 347 1651 neo
369 1585 464 1650 simili
487 1585 610 1648 Venere
634 1584 805 1648 ardescunt
827 1605 887 1651 neo
910 1587 1050 1650 moribus
1072 1586 1144 1650 unis

289 1699 501 1781 conveniunt,
518 1717 623 1778 neque
646 1703 720 1762 sunt
742 1698 854 1763 eadem
878 1699 1018 1764 iuounda
1040 1721 1098 1784 per
1120 1704 1228 1764 artus.

289 1815 408 1896 quippe
430 1813 541 1876 videre
564 1811 638 1876 lieet
660 1812 869 1893 pinguescere
893 1833 991 1896 saepe
1013 1814 1116 1878 0909990

214 1948 263 1994 900
288 1927 473 2008 barbigeras
497 1925 658 2015 pecudes,
674 1925 794 1990 homini
817 1948 899 2008 quae
923 1936 971 1993 est
992 1947 1065 1992 0090
1087 1946 1264 1992 venenum.

288 2040 424 2121 denique
446 2039 574 2104 flamma
597 2039 726 2120 quidem
749 2061 819 2105 oum
842 2062 977 2125 eorpora
998 2043 1085 2106 fulva
1107 2041 1236 2106 leonum

287 2161 351 2218 tam
375 2155 477 2220 soleat
498 2161 617 2219 torrere
639 2161 734 2236 atque
756 2175 847 2219 urere
871 2176 966 2237 quarn
988 2175 1090 2239 genus
1113 2173 1206 2218 omne

286 2269 416 2334 visceris
438 2270 471 2332 in
494 2269 585 2334 terris
608 2269 693 2350 quod
716 2290 852 2352 eumque
875 2278 906 2336 et
928 2270 1092 2352 sanguinis
1116 2275 1222 2345 extet,

289 2383 342 2463 qui
366 2382 432 2446 fieri
454 2383 576 2466 potuit,
593 2383 709 2466 triplici
733 2405 804 2448 oum
827 2403 960 2468 0090090
983 2392 1017 2448 ut
1035 2404 1123 2474 una,

212 2516 261 2562 905
286 2498 388 2580 prima
409 2497 481 2581 100,
498 2502 658 2579 0009909990
680 2497 797 2581 draeo,
814 2497 922 2562 media
942 2499 1035 2582 ipsa,
1053 2498 1224 2563 Chimaera

286 2631 341 2674 090
363 2610 451 2677 foras
475 2631 580 2676 acrem
602 2611 693 2676 flaret
716 2611 756 2676 de
779 2633 912 2696 0090090
933 2585 1122 2704 flammam?¹

287 2745 385 2808 quare
409 2727 505 2790 etiarn
528 2726 641 2791 tellure
665 2746 748 2790 nova
770 2727 924 2808 caeloque
947 2728 1067 2792 recenti

286 2839 365 2903 talia
389 2841 443 2920 qui
464 2839 555 2923 fingit
577 2840 719 2922 potuisse
742 2841 894 2903 animalia
915 2841 1024 2924 gigni,

287 2955 379 3019 nixus
401 2954 434 3018 in
456 2954 517 3020 hoe
539 2973 602 3017 uno
625 2953 774 3018 novitatis
795 2953 924 3018 nomine
946 2955 1055 3032 inani,

213 3087 263 3134 910
288 3069 385 3132 multa
407 3069 482 3132 19009
504 3068 599 3132 simili
621 3067 744 3133 ratione
768 3067 891 3132 effutiat
913 3089 988 3146 ore,

287 3203 384 3246 aurea
407 3189 472 3246 tum
496 3182 581 3247 dieat
603 3201 660 3266 per
682 3187 784 3248 terras
807 3181 937 3246 flumina
959 3184 1054 3266 vulgo

286 3296 437 3374 fluxisse,
454 3304 485 3362 et
505 3299 638 3378 gemmis
660 3297 774 3362 florere
797 3297 929 3362 arbusta
950 3305 1081 3374 subisse,

285 3417 341 3475 aut
363 3411 521 3476 hominem
544 3418 632 3475 tanto
657 3413 868 3476 membrorum
892 3432 963 3477 0000
985 3412 1102 3494 impete
1125 3417 1252 3492 natum,

286 3530 375 3587 trans
397 3525 500 3587 maria
522 3525 588 3588 0190
610 3523 729 3606 pedum
751 3525 840 3588 nisus
863 3532 897 3588 ut
919 3544 1037 3606 ponere
1059 3530 1168 3606 posset

211 3656 260 3703 995
286 3645 317 3703 09
340 3636 485 3702 manibus
508 3643 606 3701 totum
630 3637 746 3700 oireum
770 3658 804 3702 se
825 3643 949 3702 vertere
972 3638 1117 3702 eaelum.

285 3773 359 3816 nam
382 3752 468 3834 quod
491 3751 591 3816 multa
613 3750 702 3814 fuere
724 3751 755 3814 in
778 3751 873 3816 terris
896 3752 1019 3816 semina
1040 3773 1145 3817 rerum

286 3874 429 3951 tempore
452 3888 514 3949 quo
538 3865 675 3950 primum
697 3866 793 3930 tellus
814 3866 965 3931 animalia
987 3864 1090 3943 fudit,

286 4050 487 4057 -——--—-....

288 4169 339 4216 888
357 4167 448 4231 puerili
469 4167 482 4234 ΙΙ
503 4169 609 4218 11090090
630 4164 642 4232 Η
663 4165 820 4216 subornon
840 4165 853 4235 Η
873 4171 923 4218 899
943 4167 1038 4233 rapidis
1059 4164 1071 4234 ll
1095 4168 1145 4215 896
1165 4165 1301 4228 proficiunt
1321 4163 1334 4234 Η
1355 4169 1404 4217 901

286 4254 405 4315 Denique
423 4255 563 4308 0999900900.
584 4253 597 4322 ll
618 4255 669 4306 904
682 4267 775 4304 unam.
797 4252 809 4320 ll
831 4256 880 4307 996
900 4253 965 4305 fuss
986 4251 998 4324 ll
1019 4253 1113 4318 1109011
1135 4250 1301 4306 9131909099ιο
1321 4250 1334 4324 Η
1355 4257 1407 4306 914

288 4340 399 4408 pondere
