3140 5036
293 368 352 434 106
833 365 876 430 Ill

293 541 324 599 et
345 535 396 600 rel
419 540 453 598 ut
476 539 643 601 anteacto
667 536 712 600 nil
735 541 877 620 tempore
900 535 1056 601 sensimus
1079 537 1186 622 aegri,

292 648 334 714 ad
358 649 592 732 confligendum
614 650 814 716 venientibus
836 650 976 732 undique
997 650 1136 728 Poenis,

292 764 400 828 omnia
423 783 494 828 cum
517 764 593 828 belli
614 763 741 848 trepido
765 783 921 829 concussa
943 765 1076 830 tumultu

219 897 269 945 aas
295 878 426 943 horrida
448 885 665 944 contremuere
687 879 745 942 sub
768 877 841 944 altis
863 877 1000 944 aetheris
1023 879 1107 957 oris,

291 993 323 1056 in
348 993 508 1075 dubioque
531 992 621 1057 fuere
643 999 785 1056 utrorum
807 993 849 1057 ad
872 1011 973 1074 regna
996 993 1173 1058 cadendum

293 1107 439 1171 omnibus
461 1106 607 1171 humanis
631 1113 716 1172 esset
736 1113 884 1189 terraque
907 1107 1071 1188 marique,

296 1220 361 1300 sic,
378 1220 432 1284 ubi
453 1241 516 1285 non
539 1221 675 1306 erimus,
693 1241 763 1287 oum
786 1220 929 1305 corporis
952 1227 1047 1302 atque
1068 1222 1187 1290 animai

295 1333 462 1400 discidium
487 1334 600 1420 fuerit,
620 1337 734 1419 quibus
756 1355 774 1400 e
797 1356 905 1400 sumus
928 1335 1031 1400 uniter
1052 1335 1138 1421 apti,

221 1470 272 1518 840
298 1450 439 1527 scilicet,
456 1449 540 1514 hand
564 1451 656 1514 nobis
679 1451 867 1533 quicquam,
885 1451 938 1532 qui
958 1470 1024 1514 non
1045 1451 1161 1516 erimus
1183 1457 1269 1529 tum,

214 1635 218 1642 ,
293 1564 437 1628 accidere
460 1563 588 1628 omnino
611 1566 727 1649 poterit
748 1584 939 1646 sensumque
961 1585 1109 1644 movere,

292 1697 357 1741 non
378 1678 404 1742 si
428 1683 512 1756 terra
534 1679 613 1741 mari
636 1678 819 1742 miscebitur
842 1684 872 1742 et
894 1698 982 1743 mare
1005 1679 1115 1744 caelo.

200 1851 202 1856 ,
294 1797 325 1854 et
347 1791 375 1855 si
396 1791 460 1855 iam
484 1798 590 1856 nostro
614 1776 708 1857 sentit
731 1791 770 1856 de
794 1797 1035 1876 corpore,post
1057 1813 1154 1874 quam
1356 1821 1372 1854 ι

293 1905 492 1984 distractast,
509 1905 607 1970 animi
629 1913 744 1969 natura
765 1906 957 1988 animaeque
979 1913 1141 1990 potestas,

218 2039 268 2086 845
293 2019 338 2082 nil
360 2026 467 2084 tamen
491 2027 539 2084 est
561 2021 601 2084 ad
624 2041 703 2098 nos,
721 2021 776 2102 qui
799 2027 926 2105 comptu
949 2021 1160 2103 coniugioque

292 2133 434 2218 corporis
457 2139 554 2216 atque
578 2136 703 2202 animae
726 2135 929 2202 consistimus
950 2137 1054 2200 uniter
1075 2137 1162 2220 apti.

293 2267 371 2326 nec,
388 2248 415 2313 si
439 2249 603 2314 materiem
627 2257 766 2316 nostram
790 2251 955 2334 collegerit
977 2257 1066 2315 aetas

292 2369 367 2447 post
388 2363 509 2428 obitum
533 2385 720 2446 rursumque
743 2365 902 2449 redegerit
924 2372 959 2430 ut
979 2367 1041 2430 sita
1063 2385 1146 2432 nunc
1168 2371 1236 2444 est,

292 2484 387 2559 atque
408 2479 522 2543 iterum
545 2479 638 2543 nobis
660 2479 776 2544 fuerint
798 2479 1016 2552 datalumina
1037 2480 1140 2564 vitae,

218 2611 269 2658 seo
293 2593 450 2674 pertineat
473 2593 642 2675 quiequam
664 2594 836 2659 tamenad
859 2615 918 2659 nos
939 2594 971 2657 id
996 2614 1122 2678 quoque
1144 2594 1281 2680 factum,

294 2706 468 2790 interrupta
491 2707 590 2773 semel
614 2729 684 2773 cum
707 2709 747 2773 sit
769 2709 937 2773 retinentia
959 2709 1078 2774 nostri.

296 2827 328 2887 et
349 2841 433 2886 nunc
456 2821 501 2885 nil
524 2821 567 2886 ad
589 2842 649 2886 nos
671 2822 711 2887 de
734 2823 826 2889 nobis
851 2823 982 2907 attinet,
1000 2829 1075 2888 ante

297 2936 351 3019 qui
373 2934 511 3014 suimus,
528 2955 632 3018 neque
655 2938 719 3002 iam
741 2939 782 3004 de
805 2939 870 3002 illis
893 2957 951 3004 nos
974 2937 1081 3002 adficit
1103 2958 1226 3022 angor.
1292 2981 1299 2991 -

294 3071 368 3114 nam
393 3071 463 3115 curn
486 3052 641 3134 respicias
662 3053 799 3118 inmensi
821 3053 974 3138 temporis
996 3073 1090 3118 omne

219 3189 269 3237 855
294 3165 501 3253 praeteritum
524 3167 682 3254 spatium,
699 3174 766 3234 tum
789 3174 892 3234 motus
915 3168 1061 3233 materiai

295 3282 489 3348 multimodis
513 3304 608 3365 quam
632 3283 713 3362 sint,
729 3281 824 3348 facile
845 3282 906 3347 hoe
929 3281 1102 3348 adcredere
1123 3283 1249 3366 possis,

296 3398 419 3463 semina
441 3417 540 3482 saepe
562 3401 595 3462 in
618 3398 733 3464 eodem
746 3449 753 3474 ‚
768 3402 803 3460 ut
823 3415 909 3461 nunc
931 3404 1023 3480 sunt,
1040 3397 1152 3475 ordine
1174 3404 1268 3480 posta

221 3534 270 3581 sce
295 3511 377 3576 haec
400 3512 535 3595 eadem,
553 3513 667 3594 quibus
689 3531 707 3576 e
730 3529 814 3574 nunc
836 3531 894 3576 nos
917 3531 1046 3594 snmus,
1062 3517 1136 3576 ante
1157 3511 1276 3577 fuisse:

211 3648 271 3696 eos
296 3645 356 3691 nec
377 3625 510 3690 memori
532 3630 640 3690 tamen
661 3625 695 3690 id
719 3626 845 3707 quimus
867 3623 1123 3709 repraehendere
1146 3631 1272 3690 mente:

297 3742 380 3806 inter
402 3738 486 3803 enim
508 3738 622 3806 iectast
638 3740 715 3805 vitai
737 3759 858 3823 pausa,
876 3757 1021 3823 vageque

147 3833 150 3838 Ἴ
221 3879 272 3928 seo
298 3855 486 3921 deerrarunt
507 3855 626 3940 passim
648 3861 754 3921 motus
776 3855 817 3920 ab
840 3852 985 3919 sensibus
1008 3871 1138 3919 omnes.

297 3971 394 4037 debet
416 3972 521 4050 enim,
538 3971 652 4036 misere
675 3969 703 4036 si
725 3968 807 4036 forte
829 3987 989 4055 aegreque
1011 3966 1199 4048 futurumst,
1302 4039 1305 4044 ,

301 4243 351 4292 835
371 4241 455 4292 auris.
476 4237 489 4309 11
510 4242 561 4290 844
572 4239 713 4290 Distractas
734 4236 746 4305 11
767 4241 815 4289 851
835 4237 949 4302 repentis
966 4237 1074 4287 nostris.
1095 4234 1108 4306 11
1129 4239 1179 4288 853
1199 4236 1283 4288 fumus
1303 4233 1316 4306 11
1335 4252 1418 4301 neque

301 4327 442 4379 omissum.
469 4323 483 4395 11
504 4326 593 4390 adfigit
614 4323 627 4396 11
647 4329 697 4378 856
716 4325 863 4376 Multimodi
884 4321 897 4392 11
917 4326 966 4373 861
986 4325 1099 4376 miserest
