3108 5034
279 439 322 506 20
831 433 848 498 1

204 628 254 676 ons
281 606 463 673 distinctum
487 606 636 688 quoniam
658 625 718 671 neo
737 606 869 690 plenum
892 606 1127 672 naviter‘extat

280 741 339 787 neo
361 742 455 807 porro
479 742 633 798 vanuum,
657 727 828 804 sunt'ergo
852 727 1115 806 commanente,

281 856 365 918 quae
387 835 524 920 spatium
546 837 643 920 pleno
665 835 790 920 possint
811 835 1008 918 distinguere
1030 836 1149 901 inane.

281 949 361 1014 haee
383 970 486 1032 neque
508 949 640 1016 dissolui
664 949 769 1043 plagis
792 951 987 1015 extrinsecus
1009 950 1073 1015 iota

280 1070 432 1148 possunt,
456 1082 514 1128 nee
536 1085 631 1148 porro
655 1066 780 1150 penitus
802 1071 967 1150 penetrata
989 1066 1090 1130 retexi

206 1198 257 1244 530
281 1198 341 1244 neo
364 1178 486 1244 ratione
510 1187 628 1260 queunt
650 1179 714 1244 alia
735 1186 888 1263 temptata
909 1180 1040 1257 labare3

280 1292 315 1357 id
337 1292 422 1375 quod
444 1294 508 1358 iam
530 1313 628 1378 supra
649 1294 706 1358 tibi
728 1295 824 1377 paulo
848 1293 1043 1360 ostendimus
1065 1299 1159 1358 ante.

282 1427 356 1472 nam
378 1428 481 1490 neque
504 1407 621 1474 oonlidi
645 1408 713 1474 sine
735 1409 822 1472 inani
844 1428 941 1492 posse
963 1410 1087 1474 videtur

282 1522 450 1604 quiequam
472 1541 532 1586 neo
554 1523 658 1606 frangi
682 1543 741 1588 neo
762 1522 839 1586 findi
863 1523 893 1586 io
916 1523 991 1586 bina
1014 1521 1173 1606 seeundo,

281 1656 341 1702 neo
364 1656 478 1721 sapere
502 1657 643 1701 umorem
666 1656 767 1718 neque
789 1637 864 1700 item
886 1637 1047 1701 manabile
1073 1635 1174 1720 frigus

207 1771 257 1818 535
282 1771 342 1816 neo
363 1751 561 1835 penetralem
583 1751 709 1834 ignem,
734 1751 848 1833 quibus
870 1751 978 1816 omnia
1001 1750 1226 1816 eonfieiuutur:

283 1869 314 1929 et
336 1885 398 1946 quo
422 1883 567 1946 quaeque
590 1867 693 1946 magis
716 1865 843 1931 cohibet
866 1887 916 1932 res
939 1867 1024 1931 intus
1045 1866 1162 1942 inane,

282 1983 349 2042 tarn
370 1978 475 2057 magis
498 1977 548 2044 bis
570 1980 665 2044 rebus
688 1981 815 2064 penitus
837 1988 992 2066 temptata
1013 1981 1167 2045 labascit.

283 2113 358 2174 ergo
382 2092 410 2158 si
432 2092 536 2158 solida
559 2115 597 2160 ao
619 2094 687 2160 sine
709 2096 795 2160 inani
819 2117 954 2180 corpora
977 2095 1079 2180 prima

284 2214 356 2272 sunt
377 2207 422 2271 ita
444 2207 489 2270 uti
511 2208 625 2286 docui,
649 2209 712 2273 sint
734 2211 816 2276 baeo
838 2217 969 2277 aeterna
992 2215 1173 2276 necessest.
1219 2243 1227 2250 ,.

208 2341 259 2390 540
283 2328 450 2405 praeterea
473 2322 534 2387 nisi
557 2322 706 2388 materies
729 2331 859 2389 aeterna
881 2327 1010 2403 luisset,

285 2443 360 2501 ante
383 2436 445 2502 hao
468 2436 511 2502 ad
534 2436 631 2500 nilum
653 2438 779 2520 penitus
802 2459 853 2506 res
876 2460 1019 2522 quaeque
1040 2439 1217 2515 redissent,

283 2550 324 2615 de
348 2551 478 2634 niloque
501 2559 612 2617 renata
636 2551 740 2618 forent
762 2574 843 2634 quae
867 2575 1001 2637 eumque
1023 2553 1186 2618 videmus.

282 2673 314 2730 at
337 2666 485 2748 quoniam
510 2687 607 2751 supra
629 2667 721 2733 dooui
745 2669 799 2762 nil
814 2690 908 2752 posse
931 2669 1031 2734 areeri

283 2779 322 2844 de
345 2782 408 2845 uilo
432 2801 535 2862 neque
560 2783 644 2863 quod
667 2783 809 2863 genitum
833 2784 943 2846 estad
966 2783 1008 2845 nil
1033 2781 1196 2862 revocari,

208 2916 258 2962 545
285 2913 357 2960 esse
379 2895 548 2958 immortali
571 2894 746 2976 primordia
770 2915 902 2977 corpore
925 2895 1062 2972 debent,

283 3008 415 3074 dissolui
439 3028 501 3088 quo
525 3026 669 3089 quaeque
691 3028 838 3092 supremo
862 3016 1004 3094 tempore
1031 3007 1174 3092 possint,

282 3122 431 3188 materies
453 3129 487 3186 ut
509 3123 690 3206 subpeditet
712 3125 807 3190 rebus
829 3125 1041 3210 reparandis.

282 3244 355 3303 sunt
376 3236 472 3320 igitur
493 3238 597 3304 solida
620 3239 797 3323 primordia
824 3241 1048 3326 simplicitate,

283 3371 341 3418 nee
363 3353 486 3418 ratione
510 3359 627 3435 queunt
649 3354 715 3418 alia
737 3361 865 3420 servata
887 3376 946 3439 per
966 3374 1079 3420 aevom

208 3487 259 3534 550
284 3487 324 3531 ex
346 3467 467 3533 inlinito
490 3467 556 3534 iam
578 3474 722 3552 tempore
746 3490 796 3533 res
819 3487 990 3552 reparare.

326 3582 474 3664 Denique
497 3583 524 3648 si
547 3583 667 3647 nullam
690 3583 783 3648 finem
806 3590 920 3646 natura
942 3587 1091 3667 parasset

283 3674 471 3778 frangendis
495 3697 607 3782 rebus,
630 3699 694 3762 iam
717 3718 851 3782 corpora
873 3697 1021 3761 materiai

282 3831 382 3894 usque
405 3811 536 3876 redacta
558 3812 661 3877 forent
682 3831 762 3876 aevo
785 3813 951 3893 frangente
972 3811 1097 3894 priore,

282 3935 315 3989 ut
337 3905 388 3990 nil
406 3947 445 3991 ex
467 3926 532 3992 illis
555 3947 575 3992 a
598 3934 683 3992 oerto
707 3933 850 4010 tempore
873 3933 983 4010 posset

169 4041 172 4049 ’
207 4059 257 4106 555
284 4048 470 4126 conceptum
493 4061 617 4108 summa
638 4041 752 4108 aetatis
774 4041 949 4126 pervadere
972 4039 1064 4104 linis.

283 4311 332 4357 527
353 4323 436 4370 poena
456 4303 469 4375 ΙΙ
490 4308 577 4358 inani.
598 4305 612 4376 ΙΙ
632 4311 682 4358 533
702 4309 774 4358 fundi
796 4305 809 4375 ΙΙ
830 4311 880 4357 542
900 4317 972 4356 rauta
992 4305 1006 4375 ΙΙ
1031 4308 1080 4354 552
1100 4305 1238 4353 materiae.
1259 4303 1272 4371 ΙΙ
1297 4307 1347 4352 553
1367 4303 1406 4353 so·

283 4405 340 4442 veut
360 4392 372 4462 il
394 4398 444 4444 555
464 4411 589 4444 summum
