3140 5036
303 349 363 412 108
840 342 889 406 ΙΙΙ

227 587 229 592 ,
301 517 442 598 frigore,
459 535 529 579 cum
551 533 674 580 summo
697 514 796 598 gelidi
819 512 914 578 cubat
935 531 1075 593 aequore
1098 511 1188 588 saxi,

301 629 450 711 urgerive
473 649 612 712 superne
636 631 785 694 obtritum
808 626 949 712 pondere
971 633 1095 692 terrae.

341 740 422 807 ‘Iam
445 743 508 807 iam
533 765 597 808 non
620 743 732 808 domus
756 743 890 826 accipiet
910 747 943 806 te
965 741 1072 820 laeta,
1089 759 1195 823 neque
1217 760 1297 806 uxor

229 881 279 928 895
305 859 426 943 optima
448 877 507 922 nec
529 857 640 922 dulces
662 863 828 922 occurrent
851 856 962 922 oscula
984 857 1050 920 nati

303 973 487 1058 praeripere
510 979 542 1036 et
563 972 662 1036 tacita
684 977 796 1054 pectus
820 970 987 1036 dulcedine
1007 975 1160 1053 tangent.

303 1108 368 1152 non
390 1086 511 1170 poteris
533 1085 626 1150 factis
651 1085 836 1150 florentibus
859 1104 949 1168 9999,
967 1085 1093 1165 tuisque

302 1201 495 1286 praesidium
510 1248 517 1262 .
534 1200 651 1264 misero
674 1195 802 1264 99919099>
828 1199 917 1264 aiunt
934 1194 1054 1264 ‘omnia
1077 1199 1196 1263 ademit

301 1335 365 1380 una
388 1314 457 1379 dies
480 1313 599 1378 infesta
621 1314 677 1378 tibi
701 1321 747 1379 909
769 1315 912 1398 praemia
932 1309 1046 1378 vitae?

228 1452 277 1498 900
303 1429 384 1492 iliud
406 1429 438 1492 in
460 1429 509 1494 his
532 1429 629 1494 rebus
651 1449 715 1493 non
740 1429 883 1507 addunt,
902 1424 975 1493 ‘nec
997 1429 1055 1493 tibi
1078 1449 1186 1493 earum

302 1544 366 1606 iam
389 1541 582 1607 desiderium
605 1563 709 1607 rerum
731 1563 826 1624 super
846 1543 963 1633 insidet
984 1538 1078 1606 una?

303 1656 388 1738 quod
412 1657 494 1720 bene
517 1656 545 1720 si
566 1655 697 1719 videant
719 1655 824 1720 animo
847 1655 1004 1738 dictisque
1027 1663 1222 1739 sequantur,

302 1770 481 1834 dissoluant
503 1769 602 1834 animi
624 1791 741 1851 magno
765 1789 800 1834 99
823 1791 944 1851 angore
967 1777 1135 1852 metuque.

303 1891 336 1947 tu
359 1885 486 1965 quidem
509 1890 543 1946 ut
566 1903 600 1948 09
623 1884 685 1948 1990
708 1884 850 1968 sopitus,
868 1884 913 1950 sie
936 1886 999 1950 eris
1022 1884 1094 1950 aevi

227 2019 276 2065 905
303 1999 389 2079 quod
412 2019 508 2082 super
531 2005 579 2063 999
601 1982 722 2064 cunetis
744 1998 878 2082 privatu’
903 1999 1068 2064 doloribus
1089 2000 1217 2081 aegris:

302 2117 335 2175 at
357 2133 416 2177 nos
438 2113 582 2178 borrifioo
607 2112 797 2178 cinefactum
820 2119 852 2179 te
875 2135 976 2198 prope
997 2115 1091 2179 busto

300 2227 523 2292 insatiabiliter
546 2227 751 2312 deflevimus,
769 2235 996 2310 aeternumque

300 2342 389 2405 nulla
413 2341 481 2406 dies
503 2343 596 2406 nobis
618 2361 790 2407 memorem
814 2361 831 2407 9
854 2349 982 2426 pectore
1004 2342 1129 2408 demet.

302 2456 380 2519 illud
403 2457 444 2520 ab
468 2456 528 2520 hoc
550 2456 646 2537 igitur
668 2457 883 2538 quaerendum
907 2464 974 2536 est,
991 2458 1068 2539 quid
1091 2458 1131 2521 sit
1153 2459 1252 2522 amari

227 2593 277 2640 910
302 2577 389 2634 tanto
413 2589 529 2654 opere,
548 2570 590 2634 ad
612 2591 757 2635 somnum
781 2571 807 2636 si
830 2591 882 2636 909
904 2571 988 2637 redit
1010 2578 1107 2654 atque
1131 2572 1269 2654 quietem
1282 2610 1292 2656 ,=

303 2707 357 2751 cur
380 2685 547 2767 quisquam
570 2692 702 2750 aeterno
724 2687 827 2770 possit
848 2687 1012 2751 tabescere
1035 2689 1139 2751 luctu.

345 2803 415 2865 Hoc
437 2800 532 2863 etiam
554 2799 675 2864 faciunt
696 2799 751 2862 ubi
775 2799 964 2864 discubuere
986 2807 1158 2882 tenentque

301 2917 418 3001 pocula
440 2934 537 2999 saepe
560 2913 705 2978 homines
728 2918 759 2976 et
781 2913 964 2980 inumbrant
987 2935 1043 2980 ora
1065 2916 1211 3000 coronis,

305 3051 345 3095 ex
368 3030 473 3093 animo
496 3034 530 3092 ut
553 3027 660 3093 dicant
678 3023 798 3093 ‘brevis
821 3028 874 3093 hic
897 3035 945 3094 est
965 3030 1084 3096 fruetus
1106 3030 1275 3096 homullis:

231 3168 280 3214 910
306 3137 369 3209 iam
392 3142 508 3226 fuerit,
525 3160 627 3222 neque
650 3148 723 3226 post
745 3163 896 3226 umquam
920 3165 1072 3211 revocare
1094 3146 1202 3210 licebit
1214 3141 1230 3209 .’
1278 3146 1281 3152 '

301 3265 365 3322 tam
389 3277 486 3339 quam
508 3255 541 3318 in
564 3263 664 3320 morte
686 3257 764 3320 mali
788 3278 858 3322 eum
882 3259 993 3342 primis
1017 3261 1077 3326 hoc
1099 3262 1140 3326 sit
1162 3279 1290 3344 eorum,

303 3372 389 3454 quod
412 3371 479 3436 sitis
503 3376 614 3435 exurat
635 3371 769 3434 miseros
792 3377 890 3454 atque
913 3375 1005 3438 arida
1027 3379 1150 3459 torres,

302 3492 356 3549 aut
377 3485 462 3549 aliae
486 3485 575 3548 cuius
598 3484 791 3548 desiderium
813 3486 952 3550 insideat
972 3487 1041 3553 901.

302 3617 362 3663 nec
384 3598 445 3662 sibi
469 3598 553 3662 enim
577 3597 746 3679 quisquam
769 3604 833 3662 tum
858 3619 892 3664 se
914 3601 1076 3684 vitamque
1099 3603 1251 3686 requirit,

228 3735 278 3782 990
304 3735 373 3779 cum
397 3713 516 3797 pariter
539 3731 630 3776 mens
652 3718 684 3778 et
706 3733 822 3797 corpus
844 3714 949 3798 sopita
971 3715 1157 3798 quieseunt:

301 3849 375 3893 nam
399 3828 473 3892 11909
495 3831 655 3892 aeternum
679 3847 818 3912 pernes
841 3829 886 3894 sic
909 3848 981 3894 esse
1005 3850 1172 3918 soporem,

303 3962 376 4007 nec=
385 3940 577 4008 desiderium
599 3941 700 4008 nestri
723 3962 783 4008 nos
806 3941 914 4007 adficit
936 3943 1055 4028 ullum3

307 4214 357 4262 893
377 4211 494 4262 obrutum
519 4207 532 4276 ΙΙ
558 4213 609 4260 894
627 4211 679 4261 Am
703 4208 717 4278 ΙΙ
742 4213 790 4260 897
811 4211 872 4260 facti
897 4207 910 4277 11
936 4212 985 4260 902
1006 4212 1063 4274 Quo
1088 4209 1101 4279 11
1127 4213 1175 4260 906
1195 4213 1276 4263 cinem
1295 4213 1391 4264 suctum
1412 4215 1425 4282 11

308 4302 357 4350 908
377 4307 401 4348 99
421 4295 434 4367 li
456 4301 506 4348 910
525 4313 552 4348 99
573 4295 585 4365 i}
606 4298 761 4348 menuctus
781 4293 794 4365 Η
816 4300 865 4347 917
886 4304 979 4348 999999.
1001 4297 1013 4364 ii
1036 4301 1084 4348 919
1098 4299 1225 4361 requiret,
1246 4298 1259 4368 Η
1281 4303 1330 4351 992
1345 4302 1428 4369 adigit
