3140 5036
623 439 626 446 Α
683 369 740 434 1111

160 541 340 606 Centauros
361 541 471 623 itaque
493 547 525 606 et
547 541 725 625 Seyllarum
747 541 891 606 membra
913 539 1076 625 videmus,

161 655 401 737 Cerbereasque
425 675 537 721 eanum
560 654 679 733 faeies,
696 655 929 737 simulacraque
954 675 1062 721 eorum

161 790 295 852 quorum
316 774 417 834 morte
440 770 528 834 obita
550 769 645 835 tellus
668 769 867 854 amplectitur
890 790 985 849 ossa3

85 906 135 953 735
162 904 256 950 omne
277 903 378 968 genus
401 884 550 966 queniam
573 884 888 969 passimsimulaera
910 885 1071 961 feruntur,

160 999 277 1084 partim
300 1005 413 1084 sponte
436 1018 494 1063 sua
516 1019 598 1080 quae
621 999 700 1064 fiunt
722 1007 795 1063 aere
817 1000 850 1062 in
872 999 963 1085 ipso,

159 1113 276 1198 partim
299 1131 382 1195 quae
405 1113 502 1177 variis
524 1113 566 1176 ab
590 1114 685 1178 rebus
708 1131 842 1194 eumque
864 1113 1017 1179 recedunt

160 1235 193 1292 et
215 1246 296 1309 quae
320 1226 459 1291 confiunt
482 1246 521 1291 ex
543 1226 655 1290 horum
677 1227 763 1294 facta
785 1228 916 1308 figuris.

159 1361 234 1406 nam
256 1347 341 1405 eerte
360 1361 403 1406 ex
426 1342 499 1406 vivo
523 1341 673 1406 Centauri
695 1362 758 1405 nou
781 1343 816 1406 fit
836 1343 963 1427 imago,

85 1479 134 1525 747
160 1455 250 1520 nulla
272 1455 330 1520 fuit
353 1456 502 1537 quoniam
525 1455 599 1520 talis
622 1460 736 1520 natura
758 1455 926 1521 animalis:

158 1591 268 1637 verum
292 1570 346 1634 ubi
368 1570 440 1652 equi
465 1589 542 1636 easu
563 1576 659 1652 atque
682 1570 819 1635 hominis
842 1571 989 1635 convenit
1010 1571 1138 1653 image,
1176 1643 1179 1648 ,

160 1687 319 1754 haereseit
340 1685 435 1750 facile
458 1687 639 1770 extemplo,
656 1685 741 1766 qued
765 1685 902 1750 diximus
925 1692 1019 1771 ante,

161 1809 290 1887 propter
313 1801 462 1866 subtilem
485 1806 630 1864 naturam
653 1807 684 1864 et
705 1801 812 1865 tenvia
834 1806 942 1864 texta.

160 1923 265 1982 cetera
287 1915 328 1980 de
349 1934 467 2000 genere
491 1915 551 1979 hee
573 1916 685 1979 eadem
707 1915 830 1980 ratione
854 1921 1021 1980 creantur.

85 2053 134 2100 747
162 2050 242 2113 quae
266 2050 337 2095 eum
360 2029 519 2096 mobiliter
540 2049 663 2093 summa
685 2029 812 2094 levitate
835 2030 1000 2108 feruntur,

161 2152 195 2209 ut
216 2144 305 2229 prius
326 2143 471 2226 ostendi,
488 2141 584 2207 facile
607 2163 670 2206 uno
694 2150 871 2208 commovet
893 2146 956 2208 ietu
991 2171 993 2176 ·

161 2278 244 2341 quae
267 2258 345 2323 libet
366 2277 430 2320 una
452 2258 590 2321 animum
613 2257 706 2322 nobis
729 2257 854 2322 subtilis
878 2257 1006 2340 image:

159 2373 262 2440 tenvis
285 2373 366 2438 enirn
391 2391 479 2438 mens
503 2377 550 2436 est
572 2376 603 2434 77
625 2371 704 2435 mire
728 2371 853 2436 mobilis
877 2373 969 2456 ipsa.

200 2487 288 2552 llaec
309 2487 378 2552 fieri
400 2492 435 2550 ut
456 2506 618 2569 memoro,
636 2485 731 2550 facile
755 2487 827 2552 hine
850 2505 1043 2571 cognoscere
1065 2487 1190 2571 pessis.

84 2625 135 2672 757
161 2624 224 2684 qua
248 2608 339 2667 tenus
361 2601 422 2668 hoe
445 2601 548 2666 simile
572 2607 619 2664 est
639 2599 707 2684 illi,
725 2601 809 2682 quod
832 2609 936 2667 mente
960 2603 1103 2666 videmus

147 2722 255 2798 ¹atque
277 2717 399 2794 oeulis,
415 2715 511 2782 simili
532 2714 600 2780 fieri
623 2715 747 2780 ratione
770 2733 903 2781 neeesse
926 2723 993 2781 est.

159 2851 243 2896 nune
267 2831 361 2916 igitur
383 2831 533 2912 queniam
556 2829 651 2895 docui
673 2849 724 2895 me
746 2831 829 2896 77777
852 2831 977 2897 leonem
1029 2827 1036 2840 '

161 2966 290 3012 eernere
313 2966 371 3030 per
393 2946 583 3023 simulacra,
601 2946 710 3010 oeulos
729 2952 816 3027 ‘quae
839 2947 1173 3035 eumquelacessunt,

160 3064 243 3128 seire
264 3061 340 3126 lieet
361 3067 500 3126 mentem
523 3061 617 3124 simili
641 3059 763 3124 ratione
785 3062 925 3144 moveri,

84 3200 135 3247 777
159 3197 217 3262 per
239 3175 408 3242 simulacra
430 3175 556 3240 leonem
581 3179 741 3239 siemera
765 3193 848 3255 quae
870 3175 957 3239 videt
978 3195 1078 3258 aeque

161 3300 221 3354 nee
242 3290 345 3355 minus
368 3295 463 3371 atque
487 3289 588 3372 oculi,
605 3288 666 3353 nisi
689 3267 774 3370 qired
797 3309 889 3372 mage
912 3289 1018 3354 tenvia
1041 3291 1159 3355 cernit.

159 3425 219 3468 nee
241 3403 366 3469 ratione
389 3403 474 3487 alia,
491 3423 562 3469 eum
584 3423 715 3470 somnus
738 3405 882 3469 membre
903 3402 1063 3488 profudit,

160 3537 251 3594 mens
274 3518 372 3583 animi
395 3519 525 3602 vigilat,
543 3519 604 3584 uisi
628 3518 713 3601 quod
736 3519 906 3584 simulacra
927 3520 1092 3586 lacessunt

160 3634 241 3698 haee
264 3633 375 3698 eadem
399 3640 525 3700 nostros
548 3634 674 3700 animos
697 3653 780 3717 quae
804 3654 874 3698 eum
897 3634 1086 3720 vigilamus,

85 3768 135 3816 777
160 3766 262 3829 usque
284 3749 387 3826 adeo,
405 3755 488 3814 77777
510 3753 544 3812 ut
565 3748 728 3814 videamur
751 3769 879 3816 eernere
902 3768 971 3814 eum
995 3770 1088 3831 quem

158 3861 282 3927 reddita
304 3883 362 3947 pre
385 3863 449 3926 vita
472 3862 534 3926 iam
558 3883 643 3926 mors
665 3869 696 3928 et
717 3869 802 3928 terra
825 3862 974 3946 potitast.

161 4045 363 4052 ——·-—-—-

164 4165 213 4212 735
233 4161 389 4225 Omuigenus
418 4157 431 4228 ΙΙ
462 4164 510 4210 736
530 4161 594 4210 flunt
619 4158 632 4228 ΙΙ
657 4165 706 4234 7477
725 4161 826 4210 anima.
853 4158 866 4228 Η
892 4164 939 4208 741
960 4169 1035 4222 atque
1054 4161 1168 4211 homines
1187 4179 1247 4212 casu
1267 4161 1280 4229 Η

165 4251 213 4298 743
233 4257 310 4298 tenue
334 4243 347 4313 ΙΙ
375 4249 423 4296 752
442 4248 518 4298 docui
537 4248 658 4310 quoniam
679 4245 691 4313 11
712 4248 830 4295 leonum.
857 4245 870 4313 11
898 4249 946 4297 755
966 4248 1068 4298 leonum
1087 4255 1170 4300 cetera
1190 4244 1203 4318 Η
1232 4251 1279 4302 756

163 4335 231 4384 oculi
249 4343 324 4396 etque
344 4332 356 4402 ΙΙ
380 4339 428 4386 760
448 4350 512 4398 que.
533 4335 546 4403 ΙΙ
569 4337 616 4384 761
637 4351 682 4401 pro
702 4336 841 4386 omissum.
896 4373 908 4398 „
