3108 5034
699 344 715 408 1

147 523 211 580 tuto
235 535 286 581 res
309 524 434 580 teneras
457 517 548 581 effert
570 517 602 580 in
625 516 753 580 luminis
776 518 873 580 oras?

76 652 124 698 rao
147 629 230 711 quod
253 629 281 693 si
305 629 345 693 de
367 630 432 693 nilo
455 631 586 708 fierent,
611 632 714 696 subito
738 637 943 696 exorerentur

146 744 266 808 ineerto
290 744 395 828 spatio
419 749 514 825 atque
536 745 651 810 alienis
673 745 817 828 partibus
840 745 938 822 anni;

147 859 264 942 quippe
286 858 338 920 ubi
362 858 449 921 nulla
471 857 578 924 forent
598 858 792 943 primordia,
817 878 898 939 quae
922 859 1052 940 genitali

148 973 281 1037 coneilio
304 979 436 1056 possent
458 973 559 1037 areeri
582 978 725 1057 ternpore
747 960 876 1054 inique.

26 994 29 1186 i
145 1106 203 1150 nee
224 1107 320 1169 porro
343 1087 497 1168 augendis
519 1088 614 1152 rebus
638 1087 743 1170 spatio
765 1087 846 1151 soret
867 1107 963 1170 usus,

75 1221 123 1268 105
146 1199 276 1265 seminis
299 1199 342 1264 ad
366 1202 502 1284 coitum,
526 1201 552 1264 si
576 1220 594 1265 e
617 1201 683 1264 nilo
707 1220 848 1266 creseere
870 1208 1019 1283 possent:

147 1334 221 1377 nam
243 1313 357 1378 fierent
377 1313 509 1379 iuvenes
532 1316 636 1380 subito
660 1334 699 1380 ex
721 1314 887 1380 infantibu’
909 1316 1036 1400 parvis,

146 1448 164 1493 1
187 1434 336 1509 terraque
360 1433 470 1492 exorta
491 1435 623 1511 repente
645 1429 774 1492 arbusta
797 1428 949 1494 salirent.

140 1563 279 1624 unorum
301 1543 345 1605 nil
368 1541 435 1606 fieri
458 1543 659 1608 manifestum
683 1549 750 1626 est,
775 1543 882 1606 omnia
904 1544 1032 1625 quando

146 1657 298 1742 paulatim
322 1663 487 1733 creseunt,
510 1663 544 1720 ut
566 1679 625 1740 par
647 1663 696 1722 est
719 1657 840 1722 semine
864 1663 948 1722 eerto

74 1796 123 1842 100
146 1789 309 1852 creseere,
332 1789 447 1851 resque
471 1791 572 1852 genus
595 1777 742 1849 servant;
765 1777 800 1832 ut
821 1789 956 1834 noscere
978 1773 1083 1854 possis

146 1886 280 1968 quinque
303 1905 361 1948 sua
384 1885 424 1948 de
446 1885 579 1948 materia
601 1886 816 1969 grandescere
839 1885 965 1967 alique.

81 2065 84 2071 ,
146 2000 207 2064 hue
230 1999 354 2064 aoeedit
376 1999 419 2062 uti
443 1998 511 2063 sine
534 2000 628 2064 certis
650 2000 805 2064 imbribus
827 2000 904 2064 anni

144 2113 299 2178 laetificos
322 2119 461 2193 nequeat
483 2113 566 2178 fetus
588 2115 772 2179 submittere
795 2115 908 2199 tellus,

146 2248 206 2292 nee
227 2248 322 2311 porro
345 2233 466 2291 secreta
489 2228 560 2291 oibo
583 2234 697 2291 natura
722 2229 918 2292 animantum

72 2366 121 2412 195
146 2361 328 2426 propagare
350 2361 451 2425 genus
473 2341 574 2424 possit
596 2342 757 2423 vitamque
780 2343 879 2422 tueri;

146 2463 180 2520 ut
200 2457 306 2541 potius
328 2456 434 2520 multis
458 2457 639 2521 eommunia
662 2477 798 2541 eorpora
821 2458 915 2522 rebus

146 2573 246 2636 muita
267 2577 358 2654 putes
381 2589 472 2647 esse,
495 2577 529 2633 ut
550 2571 658 2636 verbis
681 2572 839 2636 elementa
860 2572 1024 2657 videmus,

146 2707 242 2768 quam
265 2685 332 2750 sine
355 2685 518 2770 principiis
540 2685 637 2748 ullam
660 2705 726 2750 rem
749 2686 884 2750 existere
906 2705 1024 2770 posse.

147 2801 285 2883 denique
308 2820 362 2865 eur
384 2799 530 2866 homines
553 2806 660 2865 tantos
683 2807 799 2866 natura
821 2820 938 2886 parare

70 2939 122 2984 reo
147 2937 210 2980 non
232 2915 353 3000 potuit,
377 2914 513 2999 pedibus
536 2916 588 2997 qui
611 2924 742 3000 pontum
766 2936 823 3001 per
844 2916 928 2981 vada
949 2923 1081 3000 possent

146 3031 282 3096 transire
306 3037 337 3096 et
358 3050 493 3110 magnos
515 3031 663 3095 menibus
685 3031 838 3096 divellere
860 3032 976 3096 mont-is

145 3145 310 3226 multaque
332 3145 469 3211 vivendo
492 3147 603 3210 vitalia
625 3146 751 3211 vineere
775 3145 904 3219 saecla,

147 3259 173 3323 si
197 3281 281 3336 non,
304 3261 455 3326 materies
479 3262 553 3343 quia
575 3261 671 3326 rebus
694 3259 820 3325 reddita
846 3263 962 3323 eertast

145 3373 337 3456 gignundis,
361 3395 379 3439 e
403 3397 466 3457 qua
488 3382 615 3441 constat
638 3352 713 3458 quid
736 3372 839 3460 possit
861 3372 961 3438 oriri?
1031 3390 1034 3396 ’

66 3511 121 3557 100
146 3488 189 3551 nil
212 3488 307 3569 igitur
329 3489 395 3554 fieri
419 3492 460 3556 de
482 3492 547 3556 nilo
570 3511 666 3576 posse
689 3489 904 3571 fatendumst,

144 3603 265 3668 semine
289 3603 418 3685 quando
443 3625 522 3689 opus
546 3610 594 3670 est
615 3604 729 3688 rebus,
754 3624 816 3686 quo
841 3620 987 3684 quaeque
1009 3585 1160 3664 ereatae'

145 3717 230 3780 aeris
252 3717 285 3779 in
307 3723 432 3784 teneras
455 3720 581 3803 possint
601 3717 776 3803 proferrier
798 3736 913 3780 auras.

145 3834 307 3912 postremo
331 3833 481 3909 quoniam
504 3835 629 3899 ineultis
651 3838 816 3917 praestare
837 3830 981 3895 videmus

145 3941 231 4007 oulta
254 3941 326 4006 1001
349 3950 381 4007 11
401 3948 548 4014 manibus
570 3948 709 4013 melioris
731 3945 866 4011 reddere
888 3945 992 4028 fetus,

64 4083 120 4129 210
147 4077 220 4123 esse
242 4057 394 4122 videlieet
416 4057 448 4120 in
471 4037 562 4124 terris
583 4062 760 4145 primordia
785 4079 910 4142 rerum,

150 4306 200 4356 190
219 4303 414 4366 crescentesque
435 4299 448 4370 11
469 4304 518 4351 207
538 4311 639 4370 possent
