<?xml version="1.0" encoding="UTF-8"?>
<!DOCTYPE html PUBLIC "-//W3C//DTD XHTML 1.0 Transitional//EN"
    "http://www.w3.org/TR/xhtml1/DTD/xhtml1-transitional.dtd">
<html xmlns="http://www.w3.org/1999/xhtml" xml:lang="en" lang="en">
 <head>
  <title>
</title>
<meta http-equiv="Content-Type" content="text/html;charset=utf-8" />
  <meta name='ocr-system' content='tesseract 3.04.00' />
  <meta name='ocr-capabilities' content='ocr_page ocr_carea ocr_par ocr_line ocrx_word'/>
</head>
<body>
  <div class='ocr_page' id='page_1' title='image "./tlucreticarider25carugoog_0102.png"; bbox 0 0 3140 5036; ppageno 0'>
   <div class='ocr_carea' id='block_1_1' title="bbox 706 383 751 445">
    <p class='ocr_par' dir='ltr' id='par_1_1' title="bbox 706 383 751 445">
     <span class='ocr_line' id='line_1_1' title="bbox 706 383 751 445; baseline 0 0"><span class='ocrx_word' id='word_1_1' title='bbox 706 383 751 445; x_wconf 89' lang='lat'><strong>111</strong></span> 
     </span>
    </p>
   </div>
   <div class='ocr_carea' id='block_1_2' title="bbox 78 548 1176 4161">
    <p class='ocr_par' dir='ltr' id='par_1_2' title="bbox 164 548 1148 976">
     <span class='ocr_line' id='line_1_2' title="bbox 166 548 1148 638; baseline 0.002 -24"><span class='ocrx_word' id='word_1_2' title='bbox 166 555 197 614; x_wconf 89' lang='lat' dir='ltr'><strong>et</strong></span> <span class='ocrx_word' id='word_1_3' title='bbox 219 548 282 613; x_wconf 88' lang='lat' dir='ltr'><strong>iarn</strong></span> <span class='ocrx_word' id='word_1_4' title='bbox 306 556 411 617; x_wconf 87' lang='lat' dir='ltr'><strong>cetera</strong></span> <span class='ocrx_word' id='word_1_5' title='bbox 433 551 473 618; x_wconf 86' lang='lat' dir='ltr'><strong>de</strong></span> <span class='ocrx_word' id='word_1_6' title='bbox 495 569 613 635; x_wconf 86' lang='lat' dir='ltr'><strong>genere</strong></span> <span class='ocrx_word' id='word_1_7' title='bbox 635 550 697 615; x_wconf 91' lang='lat' dir='ltr'><strong>hoc</strong></span> <span class='ocrx_word' id='word_1_8' title='bbox 719 570 800 632; x_wconf 85' lang='lat' dir='ltr'><strong>quae</strong></span> <span class='ocrx_word' id='word_1_9' title='bbox 823 569 959 632; x_wconf 84' lang='lat' dir='ltr'><strong>eumque</strong></span> <span class='ocrx_word' id='word_1_10' title='bbox 981 557 1148 638; x_wconf 86' lang='lat' dir='ltr'><strong>secuntur,</strong></span> 
     </span>
     <span class='ocr_line' id='line_1_3' title="bbox 164 663 1001 749; baseline 0.001 -22"><span class='ocrx_word' id='word_1_11' title='bbox 164 683 220 727; x_wconf 89' lang='lat' dir='ltr'><strong>cur</strong></span> <span class='ocrx_word' id='word_1_12' title='bbox 242 682 282 728; x_wconf 89' lang='lat' dir='ltr'><strong>ea</strong></span> <span class='ocrx_word' id='word_1_13' title='bbox 304 673 396 749; x_wconf 90' lang='lat' dir='ltr'><strong>sunt,</strong></span> <span class='ocrx_word' id='word_1_14' title='bbox 413 665 476 730; x_wconf 91' lang='lat' dir='ltr'><strong>nisi</strong></span> <span class='ocrx_word' id='word_1_15' title='bbox 498 663 585 746; x_wconf 91' lang='lat' dir='ltr'><strong>quod</strong></span> <span class='ocrx_word' id='word_1_16' title='bbox 607 683 738 729; x_wconf 87' lang='lat' dir='ltr'><strong>vemens</strong></span> <span class='ocrx_word' id='word_1_17' title='bbox 761 663 914 729; x_wconf 86' lang='lat' dir='ltr'><strong>violentia</strong></span> <span class='ocrx_word' id='word_1_18' title='bbox 935 665 1001 729; x_wconf 86' lang='lat' dir='ltr'><strong>vini</strong></span> 
     </span>
     <span class='ocr_line' id='line_1_4' title="bbox 165 777 1038 870; baseline 0.001 -28"><span class='ocrx_word' id='word_1_19' title='bbox 165 779 356 843; x_wconf 84' lang='lat' dir='ltr'><strong>conturbare</strong></span> <span class='ocrx_word' id='word_1_20' title='bbox 379 779 520 870; x_wconf 75' lang='lat' dir='ltr'><strong>animam</strong></span> <span class='ocrx_word' id='word_1_21' title='bbox 542 777 708 842; x_wconf 86' lang='lat' dir='ltr'><strong>consuevit</strong></span> <span class='ocrx_word' id='word_1_22' title='bbox 729 797 861 861; x_wconf 88' lang='lat' dir='ltr'><strong>corpore</strong></span> <span class='ocrx_word' id='word_1_23' title='bbox 884 778 915 840; x_wconf 93' lang='lat' dir='ltr'><strong>in</strong></span> <span class='ocrx_word' id='word_1_24' title='bbox 939 779 1038 861; x_wconf 77' lang='lat' dir='ltr'><strong>ipso?</strong></span> 
     </span>
     <span class='ocr_line' id='line_1_5' title="bbox 164 891 1071 976; baseline 0 -20"><span class='ocrx_word' id='word_1_25' title='bbox 164 899 303 973; x_wconf 88' lang='lat' dir='ltr'><strong>atquae</strong></span> <span class='ocrx_word' id='word_1_26' title='bbox 326 913 460 974; x_wconf 90' lang='lat' dir='ltr'><strong>cumque</strong></span> <span class='ocrx_word' id='word_1_27' title='bbox 483 898 604 974; x_wconf 91' lang='lat' dir='ltr'><strong>queunt</strong></span> <span class='ocrx_word' id='word_1_28' title='bbox 625 891 806 956; x_wconf 90' lang='lat' dir='ltr'><strong>conturbari</strong></span> <span class='ocrx_word' id='word_1_29' title='bbox 827 891 924 972; x_wconf 88' lang='lat' dir='ltr'><strong>inque</strong></span> <span class='ocrx_word' id='word_1_30' title='bbox 948 891 1071 976; x_wconf 90' lang='lat' dir='ltr'><strong>pediri,</strong></span> 
     </span>
    </p>

    <p class='ocr_par' dir='ltr' id='par_1_3' title="bbox 90 1005 1077 1546">
     <span class='ocr_line' id='line_1_6' title="bbox 90 1005 852 1090; baseline -0.004 -19"><span class='ocrx_word' id='word_1_31' title='bbox 90 1026 139 1073; x_wconf 83' lang='grc'><strong>485</strong></span> <span class='ocrx_word' id='word_1_32' title='bbox 165 1006 367 1090; x_wconf 86' lang='lat' dir='ltr'><strong>significant,</strong></span> <span class='ocrx_word' id='word_1_33' title='bbox 384 1006 481 1090; x_wconf 86' lang='lat' dir='ltr'><strong>paulo</strong></span> <span class='ocrx_word' id='word_1_34' title='bbox 505 1006 533 1070; x_wconf 88' lang='lat' dir='ltr'><strong>si</strong></span> <span class='ocrx_word' id='word_1_35' title='bbox 556 1005 664 1069; x_wconf 93' lang='lat' dir='ltr'><strong>durior</strong></span> <span class='ocrx_word' id='word_1_36' title='bbox 685 1005 852 1070; x_wconf 90' lang='lat' dir='ltr'><strong>insinuarit</strong></span> 
     </span>
     <span class='ocr_line' id='line_1_7' title="bbox 164 1117 980 1204; baseline 0 -20"><span class='ocrx_word' id='word_1_37' title='bbox 164 1139 284 1199; x_wconf 86' lang='lat' dir='ltr'><strong>causa,</strong></span> <span class='ocrx_word' id='word_1_38' title='bbox 301 1119 370 1185; x_wconf 89' lang='lat' dir='ltr'><strong>fore</strong></span> <span class='ocrx_word' id='word_1_39' title='bbox 394 1127 428 1186; x_wconf 91' lang='lat' dir='ltr'><strong>ut</strong></span> <span class='ocrx_word' id='word_1_40' title='bbox 451 1128 581 1203; x_wconf 87' lang='lat' dir='ltr'><strong>pereant</strong></span> <span class='ocrx_word' id='word_1_41' title='bbox 603 1141 683 1185; x_wconf 87' lang='lat' dir='ltr'><strong>aevo</strong></span> <span class='ocrx_word' id='word_1_42' title='bbox 707 1120 831 1204; x_wconf 86' lang='lat' dir='ltr'><strong>privata</strong></span> <span class='ocrx_word' id='word_1_43' title='bbox 854 1117 980 1184; x_wconf 87' lang='lat' dir='ltr'><strong>futuro.</strong></span> 
     </span>
     <span class='ocr_line' id='line_1_8' title="bbox 165 1233 933 1315; baseline -0.001 -19"><span class='ocrx_word' id='word_1_44' title='bbox 165 1234 240 1315; x_wconf 91' lang='lat' dir='ltr'><strong>quin</strong></span> <span class='ocrx_word' id='word_1_45' title='bbox 263 1233 358 1298; x_wconf 91' lang='lat' dir='ltr'><strong>etiam</strong></span> <span class='ocrx_word' id='word_1_46' title='bbox 373 1234 485 1299; x_wconf 90' lang='lat' dir='ltr'><strong>&#39;subito</strong></span> <span class='ocrx_word' id='word_1_47' title='bbox 508 1235 539 1299; x_wconf 90' lang='lat' dir='ltr'><strong>vi</strong></span> <span class='ocrx_word' id='word_1_48' title='bbox 561 1234 663 1298; x_wconf 86' lang='lat' dir='ltr'><strong>morbi</strong></span> <span class='ocrx_word' id='word_1_49' title='bbox 685 1252 783 1315; x_wconf 87' lang='lat' dir='ltr'><strong>saepe</strong></span> <span class='ocrx_word' id='word_1_50' title='bbox 805 1238 933 1296; x_wconf 88' lang='lat' dir='ltr'><strong>coactus</strong></span> 
     </span>
     <span class='ocr_line' id='line_1_9' title="bbox 163 1345 997 1431; baseline -0.001 -22"><span class='ocrx_word' id='word_1_51' title='bbox 163 1352 238 1411; x_wconf 88' lang='lat' dir='ltr'><strong>ante</strong></span> <span class='ocrx_word' id='word_1_52' title='bbox 261 1346 371 1411; x_wconf 84' lang='lat' dir='ltr'><strong>oeulos</strong></span> <span class='ocrx_word' id='word_1_53' title='bbox 393 1345 511 1429; x_wconf 79' lang='lat' dir='ltr'><strong>abquis</strong></span> <span class='ocrx_word' id='word_1_54' title='bbox 532 1354 678 1431; x_wconf 78' lang='lat' dir='ltr'><strong>nostroe,</strong></span> <span class='ocrx_word' id='word_1_55' title='bbox 695 1352 729 1409; x_wconf 92' lang='lat' dir='ltr'><strong>ut</strong></span> <span class='ocrx_word' id='word_1_56' title='bbox 750 1345 890 1410; x_wconf 81' lang='lat' dir='ltr'>fulminis</span> <span class='ocrx_word' id='word_1_57' title='bbox 913 1347 997 1422; x_wconf 86' lang='lat' dir='ltr'><strong>ictu,</strong></span> 
     </span>
     <span class='ocr_line' id='line_1_10' title="bbox 163 1459 1077 1546; baseline -0.002 -21"><span class='ocrx_word' id='word_1_58' title='bbox 163 1460 300 1525; x_wconf 78' lang='lat' dir='ltr'><strong>concidit</strong></span> <span class='ocrx_word' id='word_1_59' title='bbox 322 1466 353 1524; x_wconf 91' lang='lat' dir='ltr'><strong>ct</strong></span> <span class='ocrx_word' id='word_1_60' title='bbox 375 1482 504 1544; x_wconf 85' lang='lat' dir='ltr'><strong>spumas</strong></span> <span class='ocrx_word' id='word_1_61' title='bbox 528 1463 616 1543; x_wconf 86' lang='lat' dir='ltr'><strong>agit,</strong></span> <span class='ocrx_word' id='word_1_62' title='bbox 631 1460 765 1546; x_wconf 79' lang='lat' dir='ltr'><strong>ingemit</strong></span> <span class='ocrx_word' id='word_1_63' title='bbox 787 1466 818 1524; x_wconf 89' lang='lat' dir='ltr'><strong>et</strong></span> <span class='ocrx_word' id='word_1_64' title='bbox 839 1459 945 1524; x_wconf 90' lang='lat' dir='ltr'><strong>tremit</strong></span> <span class='ocrx_word' id='word_1_65' title='bbox 968 1465 1077 1543; x_wconf 91' lang='lat' dir='ltr'><strong>artus,</strong></span> 
     </span>
    </p>

    <p class='ocr_par' dir='ltr' id='par_1_4' title="bbox 88 1573 1176 2097">
     <span class='ocr_line' id='line_1_11' title="bbox 88 1573 966 1657; baseline -0.006 -16"><span class='ocrx_word' id='word_1_66' title='bbox 88 1595 139 1641; x_wconf 85' lang='grc'><strong>400</strong></span> <span class='ocrx_word' id='word_1_67' title='bbox 164 1573 299 1657; x_wconf 81' lang='lat' dir='ltr'><strong>desipit,</strong></span> <span class='ocrx_word' id='word_1_68' title='bbox 317 1580 460 1639; x_wconf 82' lang='lat' dir='ltr'><strong>extentat</strong></span> <span class='ocrx_word' id='word_1_69' title='bbox 481 1595 617 1653; x_wconf 87' lang='lat' dir='ltr'><strong>nervos,</strong></span> <span class='ocrx_word' id='word_1_70' title='bbox 633 1582 816 1657; x_wconf 86' lang='lat' dir='ltr'><strong>torquetur,</strong></span> <span class='ocrx_word' id='word_1_71' title='bbox 834 1573 966 1637; x_wconf 84' lang='lat' dir='ltr'><strong>anhelat</strong></span> 
     </span>
     <span class='ocr_line' id='line_1_12' title="bbox 163 1687 989 1772; baseline 0 -20"><span class='ocrx_word' id='word_1_72' title='bbox 163 1690 398 1772; x_wconf 82' lang='lat' dir='ltr'><strong>inconstanter,</strong></span> <span class='ocrx_word' id='word_1_73' title='bbox 416 1694 446 1752; x_wconf 89' lang='lat' dir='ltr'><strong>ct</strong></span> <span class='ocrx_word' id='word_1_74' title='bbox 467 1689 500 1753; x_wconf 96' lang='lat' dir='ltr'><strong>in</strong></span> <span class='ocrx_word' id='word_1_75' title='bbox 520 1690 671 1755; x_wconf 87' lang='lat' dir='ltr'><strong>iactando</strong></span> <span class='ocrx_word' id='word_1_76' title='bbox 694 1689 837 1753; x_wconf 90' lang='lat' dir='ltr'><strong>membra</strong></span> <span class='ocrx_word' id='word_1_77' title='bbox 859 1687 989 1770; x_wconf 85' lang='lat' dir='ltr'><strong>fatigat.</strong></span> 
     </span>
     <span class='ocr_line' id='line_1_13' title="bbox 162 1801 1004 1886; baseline 0.004 -23"><span class='ocrx_word' id='word_1_78' title='bbox 162 1801 194 1864; x_wconf 90' lang='lat' dir='ltr'><strong>ni</strong></span> <span class='ocrx_word' id='word_1_79' title='bbox 217 1801 350 1886; x_wconf 87' lang='lat' dir='ltr'><strong>mirum,</strong></span> <span class='ocrx_word' id='word_1_80' title='bbox 367 1803 443 1885; x_wconf 88' lang='lat' dir='ltr'><strong>quia</strong></span> <span class='ocrx_word' id='word_1_81' title='bbox 466 1803 514 1868; x_wconf 88' lang='lat' dir='ltr'><strong>vis</strong></span> <span class='ocrx_word' id='word_1_82' title='bbox 535 1805 637 1869; x_wconf 91' lang='lat' dir='ltr'><strong>morbi</strong></span> <span class='ocrx_word' id='word_1_83' title='bbox 660 1804 814 1868; x_wconf 87' lang='lat' dir='ltr'><strong>distracta</strong></span> <span class='ocrx_word' id='word_1_84' title='bbox 835 1821 893 1886; x_wconf 87' lang='lat' dir='ltr'><strong>per</strong></span> <span class='ocrx_word' id='word_1_85' title='bbox 916 1808 1004 1866; x_wconf 87' lang='lat' dir='ltr'><strong>artus</strong></span> 
     </span>
     <span class='ocr_line' id='line_1_14' title="bbox 161 1915 1176 2002; baseline 0.003 -25"><span class='ocrx_word' id='word_1_86' title='bbox 161 1915 287 2000; x_wconf 87' lang='lat' dir='ltr'><strong>turbat,</strong></span> <span class='ocrx_word' id='word_1_87' title='bbox 303 1936 404 1998; x_wconf 83' lang='lat' dir='ltr'><strong>agens</strong></span> <span class='ocrx_word' id='word_1_88' title='bbox 427 1917 566 1982; x_wconf 91' lang='lat' dir='ltr'><strong>animam</strong></span> <span class='ocrx_word' id='word_1_89' title='bbox 590 1923 737 2002; x_wconf 89' lang='lat' dir='ltr'><strong>spumat,</strong></span> <span class='ocrx_word' id='word_1_90' title='bbox 755 1917 847 1998; x_wconf 81' lang='lat' dir='ltr'><strong>quasi</strong></span> <span class='ocrx_word' id='word_1_91' title='bbox 869 1917 901 1979; x_wconf 93' lang='lat' dir='ltr'><strong>in</strong></span> <span class='ocrx_word' id='word_1_92' title='bbox 925 1935 1065 1997; x_wconf 86' lang='lat' dir='ltr'><strong>aequore</strong></span> <span class='ocrx_word' id='word_1_93' title='bbox 1088 1918 1176 1982; x_wconf 88' lang='lat' dir='ltr'><strong>salso</strong></span> 
     </span>
     <span class='ocr_line' id='line_1_15' title="bbox 162 2029 961 2097; baseline 0.001 -5"><span class='ocrx_word' id='word_1_94' title='bbox 162 2035 329 2094; x_wconf 86' lang='lat' dir='ltr'><strong>ventorum</strong></span> <span class='ocrx_word' id='word_1_95' title='bbox 351 2030 467 2096; x_wconf 86' lang='lat' dir='ltr'><strong>validis</strong></span> <span class='ocrx_word' id='word_1_96' title='bbox 490 2031 669 2097; x_wconf 83' lang='lat' dir='ltr'><strong>fervescunt</strong></span> <span class='ocrx_word' id='word_1_97' title='bbox 691 2032 810 2096; x_wconf 89' lang='lat' dir='ltr'><strong>viribus</strong></span> <span class='ocrx_word' id='word_1_98' title='bbox 832 2029 961 2096; x_wconf 90' lang='lat' dir='ltr'><strong>undae.</strong></span> 
     </span>
    </p>

    <p class='ocr_par' dir='ltr' id='par_1_5' title="bbox 86 2143 1032 2465">
     <span class='ocr_line' id='line_1_16' title="bbox 86 2143 1032 2229; baseline 0.001 -21"><span class='ocrx_word' id='word_1_99' title='bbox 86 2162 137 2209; x_wconf 83' lang='lat'><strong>495</strong></span> <span class='ocrx_word' id='word_1_100' title='bbox 163 2143 348 2228; x_wconf 82' lang='lat' dir='ltr'><strong>exprimitur</strong></span> <span class='ocrx_word' id='word_1_101' title='bbox 369 2165 464 2228; x_wconf 89' lang='lat' dir='ltr'><strong>porro</strong></span> <span class='ocrx_word' id='word_1_102' title='bbox 487 2147 641 2229; x_wconf 83' lang='lat' dir='ltr'><strong>gemitus,</strong></span> <span class='ocrx_word' id='word_1_103' title='bbox 659 2147 735 2227; x_wconf 86' lang='lat' dir='ltr'><strong>quia</strong></span> <span class='ocrx_word' id='word_1_104' title='bbox 755 2146 898 2210; x_wconf 88' lang='lat' dir='ltr'><strong>membra</strong></span> <span class='ocrx_word' id='word_1_105' title='bbox 920 2144 1032 2209; x_wconf 92' lang='lat' dir='ltr'><strong>dolore</strong></span> 
     </span>
     <span class='ocr_line' id='line_1_17' title="bbox 163 2257 935 2341; baseline 0.001 -21"><span class='ocrx_word' id='word_1_106' title='bbox 163 2257 371 2336; x_wconf 86' lang='lat' dir='ltr'><strong>adficiuntur,</strong></span> <span class='ocrx_word' id='word_1_107' title='bbox 388 2265 419 2323; x_wconf 89' lang='lat' dir='ltr'><strong>et</strong></span> <span class='ocrx_word' id='word_1_108' title='bbox 442 2260 569 2324; x_wconf 87' lang='lat' dir='ltr'><strong>omnino</strong></span> <span class='ocrx_word' id='word_1_109' title='bbox 594 2260 680 2341; x_wconf 91' lang='lat' dir='ltr'><strong>quod</strong></span> <span class='ocrx_word' id='word_1_110' title='bbox 703 2260 825 2323; x_wconf 89' lang='lat' dir='ltr'><strong>semina</strong></span> <span class='ocrx_word' id='word_1_111' title='bbox 847 2259 935 2322; x_wconf 90' lang='lat' dir='ltr'><strong>vocis</strong></span> 
     </span>
     <span class='ocr_line' id='line_1_18' title="bbox 161 2370 929 2465; baseline -0.003 -29"><span class='ocrx_word' id='word_1_112' title='bbox 161 2371 315 2465; x_wconf 79' lang='lat' dir='ltr'><strong>eicipntur</strong></span> <span class='ocrx_word' id='word_1_113' title='bbox 338 2378 370 2438; x_wconf 89' lang='lat' dir='ltr'><strong>et</strong></span> <span class='ocrx_word' id='word_1_114' title='bbox 392 2393 448 2438; x_wconf 88' lang='lat' dir='ltr'><strong>ore</strong></span> <span class='ocrx_word' id='word_1_115' title='bbox 470 2370 558 2438; x_wconf 86' lang='lat' dir='ltr'><strong>foras</strong></span> <span class='ocrx_word' id='word_1_116' title='bbox 581 2373 760 2455; x_wconf 86' lang='lat' dir='ltr'><strong>glomerata</strong></span> <span class='ocrx_word' id='word_1_117' title='bbox 785 2372 929 2436; x_wconf 84' lang='lat' dir='ltr'><strong>feruntur</strong></span> 
     </span>
    </p>

    <p class='ocr_par' dir='ltr' id='par_1_6' title="bbox 94 2485 970 2684">
     <span class='ocr_line' id='line_1_19' title="bbox 94 2485 951 2567; baseline 0 -19"><span class='ocrx_word' id='word_1_118' title='bbox 94 2554 97 2560; x_wconf 60' lang='grc'><em>,</em></span> <span class='ocrx_word' id='word_1_119' title='bbox 163 2506 225 2566; x_wconf 88' lang='lat' dir='ltr'><strong>qua</strong></span> <span class='ocrx_word' id='word_1_120' title='bbox 248 2485 338 2567; x_wconf 91' lang='lat' dir='ltr'><strong>quasi</strong></span> <span class='ocrx_word' id='word_1_121' title='bbox 360 2494 551 2552; x_wconf 88' lang='lat' dir='ltr'><strong>consuerunt</strong></span> <span class='ocrx_word' id='word_1_122' title='bbox 574 2495 605 2552; x_wconf 92' lang='lat' dir='ltr'><strong>et</strong></span> <span class='ocrx_word' id='word_1_123' title='bbox 627 2494 701 2553; x_wconf 92' lang='lat' dir='ltr'><strong>sunt</strong></span> <span class='ocrx_word' id='word_1_124' title='bbox 722 2487 844 2550; x_wconf 87' lang='lat' dir='ltr'><strong>munita</strong></span> <span class='ocrx_word' id='word_1_125' title='bbox 865 2487 951 2550; x_wconf 87' lang='lat' dir='ltr'><strong>viai.</strong></span> 
     </span>
     <span class='ocr_line' id='line_1_20' title="bbox 160 2597 970 2684; baseline 0 -22"><span class='ocrx_word' id='word_1_126' title='bbox 160 2597 353 2683; x_wconf 85' lang='lat' dir='ltr'><strong>desipientia</strong></span> <span class='ocrx_word' id='word_1_127' title='bbox 375 2600 427 2684; x_wconf 89' lang='lat' dir='ltr'><strong>fit,</strong></span> <span class='ocrx_word' id='word_1_128' title='bbox 445 2601 521 2682; x_wconf 87' lang='lat' dir='ltr'><strong>qnia</strong></span> <span class='ocrx_word' id='word_1_129' title='bbox 542 2603 592 2667; x_wconf 84' lang='lat' dir='ltr'><strong>vis</strong></span> <span class='ocrx_word' id='word_1_130' title='bbox 615 2601 713 2666; x_wconf 90' lang='lat' dir='ltr'><strong>animi</strong></span> <span class='ocrx_word' id='word_1_131' title='bbox 735 2602 829 2680; x_wconf 76' lang='lat' dir='ltr'><strong>atque</strong></span> <span class='ocrx_word' id='word_1_132' title='bbox 852 2599 970 2664; x_wconf 87' lang='lat' dir='ltr'><strong>animai</strong></span> 
     </span>
    </p>

    <p class='ocr_par' dir='ltr' id='par_1_7' title="bbox 82 2713 1059 3252">
     <span class='ocr_line' id='line_1_21' title="bbox 82 2713 910 2799; baseline -0.004 -21"><span class='ocrx_word' id='word_1_133' title='bbox 82 2731 135 2779; x_wconf 90' lang='grc'><strong>500</strong></span> <span class='ocrx_word' id='word_1_134' title='bbox 161 2714 366 2778; x_wconf 90' lang='lat' dir='ltr'><strong>conturbatur</strong></span> <span class='ocrx_word' id='word_1_135' title='bbox 388 2721 438 2789; x_wconf 86' lang='lat' dir='ltr'><strong>et,</strong></span> <span class='ocrx_word' id='word_1_136' title='bbox 455 2721 489 2778; x_wconf 92' lang='lat' dir='ltr'><strong>ut</strong></span> <span class='ocrx_word' id='word_1_137' title='bbox 510 2715 622 2799; x_wconf 87' lang='lat' dir='ltr'><strong>docui,</strong></span> <span class='ocrx_word' id='word_1_138' title='bbox 640 2713 746 2778; x_wconf 86' lang='lat' dir='ltr'><strong>divisa</strong></span> <span class='ocrx_word' id='word_1_139' title='bbox 768 2733 910 2778; x_wconf 89' lang='lat' dir='ltr'><strong>seorsum</strong></span> 
     </span>
     <span class='ocr_line' id='line_1_22' title="bbox 161 2826 905 2894; baseline 0.003 -5"><span class='ocrx_word' id='word_1_140' title='bbox 161 2826 346 2892; x_wconf 86' lang='lat' dir='ltr'><strong>disiectatur</strong></span> <span class='ocrx_word' id='word_1_141' title='bbox 369 2827 483 2894; x_wconf 86' lang='lat' dir='ltr'><strong>eodem</strong></span> <span class='ocrx_word' id='word_1_142' title='bbox 504 2828 560 2893; x_wconf 93' lang='lat' dir='ltr'><strong>illo</strong></span> <span class='ocrx_word' id='word_1_143' title='bbox 584 2828 738 2893; x_wconf 86' lang='lat' dir='ltr'><strong>distracta</strong></span> <span class='ocrx_word' id='word_1_144' title='bbox 760 2832 905 2893; x_wconf 82' lang='lat' dir='ltr'><strong>¹veneno.</strong></span> 
     </span>
     <span class='ocr_line' id='line_1_23' title="bbox 159 2939 971 3023; baseline 0.001 -20"><span class='ocrx_word' id='word_1_145' title='bbox 159 2939 235 3005; x_wconf 92' lang='lat' dir='ltr'><strong>inde</strong></span> <span class='ocrx_word' id='word_1_146' title='bbox 256 2940 312 3005; x_wconf 93' lang='lat' dir='ltr'><strong>ubi</strong></span> <span class='ocrx_word' id='word_1_147' title='bbox 334 2940 397 3004; x_wconf 88' lang='lat' dir='ltr'><strong>iam</strong></span> <span class='ocrx_word' id='word_1_148' title='bbox 421 2942 520 3006; x_wconf 89' lang='lat' dir='ltr'><strong>morbi</strong></span> <span class='ocrx_word' id='word_1_149' title='bbox 543 2941 667 3008; x_wconf 85' lang='lat' dir='ltr'><strong>reflexit</strong></span> <span class='ocrx_word' id='word_1_150' title='bbox 690 2963 788 3008; x_wconf 86' lang='lat' dir='ltr'><strong>causa</strong></span> <span class='ocrx_word' id='word_1_151' title='bbox 802 2994 809 3021; x_wconf 88' lang='lat'><strong>,</strong></span> <span class='ocrx_word' id='word_1_152' title='bbox 825 2942 971 3023; x_wconf 90' lang='lat' dir='ltr'><strong>reditque</strong></span> 
     </span>
     <span class='ocr_line' id='line_1_24' title="bbox 161 3053 911 3140; baseline 0.004 -24"><span class='ocrx_word' id='word_1_153' title='bbox 161 3053 194 3117; x_wconf 93' lang='lat' dir='ltr'><strong>in</strong></span> <span class='ocrx_word' id='word_1_154' title='bbox 215 3055 357 3120; x_wconf 87' lang='lat' dir='ltr'><strong>latebras</strong></span> <span class='ocrx_word' id='word_1_155' title='bbox 379 3075 453 3120; x_wconf 89' lang='lat' dir='ltr'><strong>acer</strong></span> <span class='ocrx_word' id='word_1_156' title='bbox 475 3056 614 3140; x_wconf 91' lang='lat' dir='ltr'><strong>corrupti</strong></span> <span class='ocrx_word' id='word_1_157' title='bbox 636 3058 778 3140; x_wconf 88' lang='lat' dir='ltr'><strong>corporis</strong></span> <span class='ocrx_word' id='word_1_158' title='bbox 800 3077 911 3138; x_wconf 88' lang='lat' dir='ltr'><strong>umor,</strong></span> 
     </span>
     <span class='ocr_line' id='line_1_25' title="bbox 158 3169 1059 3252; baseline 0.001 -21"><span class='ocrx_word' id='word_1_159' title='bbox 158 3173 222 3232; x_wconf 91' lang='lat' dir='ltr'><strong>tum</strong></span> <span class='ocrx_word' id='word_1_160' title='bbox 248 3169 339 3251; x_wconf 88' lang='lat' dir='ltr'><strong>quasi</strong></span> <span class='ocrx_word' id='word_1_161' title='bbox 362 3169 538 3235; x_wconf 85' lang='lat' dir='ltr'><strong>vacoillans</strong></span> <span class='ocrx_word' id='word_1_162' title='bbox 561 3169 695 3252; x_wconf 89' lang='lat' dir='ltr'><strong>primum</strong></span> <span class='ocrx_word' id='word_1_163' title='bbox 718 3169 881 3252; x_wconf 87' lang='lat' dir='ltr'><strong>consurgit</strong></span> <span class='ocrx_word' id='word_1_164' title='bbox 904 3175 935 3232; x_wconf 92' lang='lat' dir='ltr'><strong>et</strong></span> <span class='ocrx_word' id='word_1_165' title='bbox 956 3169 1059 3233; x_wconf 90' lang='lat' dir='ltr'><strong>omnis</strong></span> 
     </span>
    </p>

    <p class='ocr_par' dir='ltr' id='par_1_8' title="bbox 79 3281 1020 3480">
     <span class='ocr_line' id='line_1_26' title="bbox 79 3281 1020 3366; baseline 0 -20"><span class='ocrx_word' id='word_1_166' title='bbox 79 3301 132 3347; x_wconf 91' lang='grc'><strong>505</strong></span> <span class='ocrx_word' id='word_1_167' title='bbox 159 3281 313 3364; x_wconf 88' lang='lat' dir='ltr'><strong>paulatim</strong></span> <span class='ocrx_word' id='word_1_168' title='bbox 338 3282 420 3349; x_wconf 87' lang='lat' dir='ltr'><strong>redit</strong></span> <span class='ocrx_word' id='word_1_169' title='bbox 442 3283 475 3346; x_wconf 92' lang='lat' dir='ltr'><strong>in</strong></span> <span class='ocrx_word' id='word_1_170' title='bbox 499 3302 610 3348; x_wconf 89' lang='lat' dir='ltr'><strong>sensus</strong></span> <span class='ocrx_word' id='word_1_171' title='bbox 634 3283 836 3364; x_wconf 87' lang='lat' dir='ltr'><strong>animamque</strong></span> <span class='ocrx_word' id='word_1_172' title='bbox 857 3289 1020 3366; x_wconf 87' lang='lat' dir='ltr'><strong>receptat.</strong></span> 
     </span>
     <span class='ocr_line' id='line_1_27' title="bbox 157 3395 997 3480; baseline 0.004 -21"><span class='ocrx_word' id='word_1_173' title='bbox 157 3395 237 3460; x_wconf 90' lang='lat' dir='ltr'><strong>haec</strong></span> <span class='ocrx_word' id='word_1_174' title='bbox 259 3397 354 3478; x_wconf 87' lang='lat' dir='ltr'><strong>igitur</strong></span> <span class='ocrx_word' id='word_1_175' title='bbox 376 3397 473 3462; x_wconf 91' lang='lat' dir='ltr'><strong>tantis</strong></span> <span class='ocrx_word' id='word_1_176' title='bbox 496 3397 550 3461; x_wconf 90' lang='lat' dir='ltr'><strong>ubi</strong></span> <span class='ocrx_word' id='word_1_177' title='bbox 573 3396 692 3462; x_wconf 89' lang='lat' dir='ltr'><strong>morbis</strong></span> <span class='ocrx_word' id='word_1_178' title='bbox 715 3416 849 3480; x_wconf 88' lang='lat' dir='ltr'><strong>corpore</strong></span> <span class='ocrx_word' id='word_1_179' title='bbox 872 3397 903 3461; x_wconf 93' lang='lat' dir='ltr'><strong>in</strong></span> <span class='ocrx_word' id='word_1_180' title='bbox 926 3397 997 3480; x_wconf 90' lang='lat' dir='ltr'><strong>ipso</strong></span> 
     </span>
    </p>

    <p class='ocr_par' dir='ltr' id='par_1_9' title="bbox 136 3509 1013 3822">
     <span class='ocr_line' id='line_1_28' title="bbox 136 3509 1013 3594; baseline 0 -21"><span class='ocrx_word' id='word_1_181' title='bbox 136 3509 314 3574; x_wconf 87' lang='lat' dir='ltr'><strong>iactentur</strong></span> <span class='ocrx_word' id='word_1_182' title='bbox 336 3511 524 3592; x_wconf 89' lang='lat' dir='ltr'><strong>miserisque</strong></span> <span class='ocrx_word' id='word_1_183' title='bbox 545 3511 650 3576; x_wconf 87' lang='lat' dir='ltr'><strong>modis</strong></span> <span class='ocrx_word' id='word_1_184' title='bbox 673 3510 827 3575; x_wconf 86' lang='lat' dir='ltr'><strong>distracta</strong></span> <span class='ocrx_word' id='word_1_185' title='bbox 850 3511 1013 3594; x_wconf 85' lang='lat' dir='ltr'><strong>laborent,</strong></span> 
     </span>
     <span class='ocr_line' id='line_1_29' title="bbox 159 3624 1011 3709; baseline 0.001 -23"><span class='ocrx_word' id='word_1_186' title='bbox 159 3643 213 3686; x_wconf 90' lang='lat' dir='ltr'><strong>our</strong></span> <span class='ocrx_word' id='word_1_187' title='bbox 235 3624 349 3688; x_wconf 89' lang='lat' dir='ltr'><strong>eadem</strong></span> <span class='ocrx_word' id='word_1_188' title='bbox 372 3625 476 3690; x_wconf 91' lang='lat' dir='ltr'><strong>credis</strong></span> <span class='ocrx_word' id='word_1_189' title='bbox 500 3625 569 3690; x_wconf 86' lang='lat' dir='ltr'><strong>sine</strong></span> <span class='ocrx_word' id='word_1_190' title='bbox 592 3645 724 3709; x_wconf 89' lang='lat' dir='ltr'><strong>corpore</strong></span> <span class='ocrx_word' id='word_1_191' title='bbox 745 3625 778 3688; x_wconf 92' lang='lat' dir='ltr'><strong>in</strong></span> <span class='ocrx_word' id='word_1_192' title='bbox 802 3631 875 3689; x_wconf 70' lang='lat' dir='ltr'><strong>atre</strong></span> <span class='ocrx_word' id='word_1_193' title='bbox 899 3632 1011 3708; x_wconf 84' lang='lat' dir='ltr'><strong>aperto</strong></span> 
     </span>
     <span class='ocr_line' id='line_1_30' title="bbox 157 3736 939 3822; baseline 0.003 -22"><span class='ocrx_word' id='word_1_194' title='bbox 157 3755 227 3800; x_wconf 90' lang='grc'><strong>0001</strong></span> <span class='ocrx_word' id='word_1_195' title='bbox 250 3736 365 3802; x_wconf 89' lang='lat' dir='ltr'><strong>validis</strong></span> <span class='ocrx_word' id='word_1_196' title='bbox 387 3739 490 3802; x_wconf 78' lang='lat' dir='ltr'><strong>ventis</strong></span> <span class='ocrx_word' id='word_1_197' title='bbox 513 3744 652 3804; x_wconf 85' lang='lat' dir='ltr'><strong>aetatem</strong></span> <span class='ocrx_word' id='word_1_198' title='bbox 676 3739 794 3820; x_wconf 85' lang='lat' dir='ltr'><strong>degere</strong></span> <span class='ocrx_word' id='word_1_199' title='bbox 816 3741 939 3822; x_wconf 82' lang='lat' dir='ltr'><strong>posse?</strong></span> 
     </span>
    </p>

    <p class='ocr_par' dir='ltr' id='par_1_10' title="bbox 78 3851 1033 4047">
     <span class='ocr_line' id='line_1_31' title="bbox 78 3851 1033 3936; baseline 0.002 -22"><span class='ocrx_word' id='word_1_200' title='bbox 78 3868 132 3915; x_wconf 91' lang='grc'><strong>510</strong></span> <span class='ocrx_word' id='word_1_201' title='bbox 158 3855 190 3914; x_wconf 90' lang='lat' dir='ltr'><strong>et</strong></span> <span class='ocrx_word' id='word_1_202' title='bbox 213 3851 362 3931; x_wconf 86' lang='lat' dir='ltr'><strong>quoniam</strong></span> <span class='ocrx_word' id='word_1_203' title='bbox 385 3858 523 3918; x_wconf 89' lang='lat' dir='ltr'><strong>mentem</strong></span> <span class='ocrx_word' id='word_1_204' title='bbox 545 3853 671 3936; x_wconf 87' lang='lat' dir='ltr'><strong>sanari,</strong></span> <span class='ocrx_word' id='word_1_205' title='bbox 689 3873 804 3936; x_wconf 91' lang='lat' dir='ltr'><strong>corpus</strong></span> <span class='ocrx_word' id='word_1_206' title='bbox 826 3859 861 3916; x_wconf 91' lang='lat' dir='ltr'><strong>nt</strong></span> <span class='ocrx_word' id='word_1_207' title='bbox 882 3873 1033 3934; x_wconf 87' lang='lat' dir='ltr'><strong>aegrum,</strong></span> 
     </span>
     <span class='ocr_line' id='line_1_32' title="bbox 157 3963 957 4047; baseline -0.001 -19"><span class='ocrx_word' id='word_1_208' title='bbox 157 3963 315 4028; x_wconf 85' lang='lat' dir='ltr'><strong>cernimus</strong></span> <span class='ocrx_word' id='word_1_209' title='bbox 338 3970 369 4030; x_wconf 87' lang='lat' dir='ltr'><strong>et</strong></span> <span class='ocrx_word' id='word_1_210' title='bbox 389 3964 472 4029; x_wconf 89' lang='lat' dir='ltr'><strong>flecti</strong></span> <span class='ocrx_word' id='word_1_211' title='bbox 495 3964 654 4030; x_wconf 86' lang='lat' dir='ltr'><strong>medicina</strong></span> <span class='ocrx_word' id='word_1_212' title='bbox 675 3985 771 4047; x_wconf 85' lang='lat' dir='ltr'><strong>posse</strong></span> <span class='ocrx_word' id='word_1_213' title='bbox 793 3965 957 4041; x_wconf 85' lang='lat' dir='ltr'><strong>videmus,</strong></span> 
     </span>
    </p>

    <p class='ocr_par' dir='ltr' id='par_1_11' title="bbox 154 4075 1025 4161">
     <span class='ocr_line' id='line_1_33' title="bbox 154 4075 1025 4161; baseline 0 -21"><span class='ocrx_word' id='word_1_214' title='bbox 154 4075 189 4140; x_wconf 93' lang='lat' dir='ltr'><strong>id</strong></span> <span class='ocrx_word' id='word_1_215' title='bbox 212 4096 339 4160; x_wconf 90' lang='lat' dir='ltr'><strong>quoque</strong></span> <span class='ocrx_word' id='word_1_216' title='bbox 361 4078 523 4161; x_wconf 87' lang='lat' dir='ltr'><strong>praesagit</strong></span> <span class='ocrx_word' id='word_1_217' title='bbox 545 4077 714 4141; x_wconf 84' lang='lat' dir='ltr'><strong>mortalem</strong></span> <span class='ocrx_word' id='word_1_218' title='bbox 737 4078 844 4142; x_wconf 89' lang='lat' dir='ltr'><strong>vivere</strong></span> <span class='ocrx_word' id='word_1_219' title='bbox 867 4083 1025 4142; x_wconf 85' lang='lat' dir='ltr'><strong>mentem.</strong></span> 
     </span>
    </p>
   </div>
   <div class='ocr_carea' id='block_1_3' title="bbox 157 4231 359 4242">
    <p class='ocr_par' dir='ltr' id='par_1_12' title="bbox 157 4231 359 4242">
     <span class='ocr_line' id='line_1_34' title="bbox 157 4231 359 4242; baseline 0.01 -2"><span class='ocrx_word' id='word_1_220' title='bbox 157 4231 359 4242; x_wconf 74' lang='lat'><em>—--.-—-—..-.</em></span> 
     </span>
    </p>
   </div>
   <div class='ocr_carea' id='block_1_4' title="bbox 159 4315 1042 4388">
    <p class='ocr_par' dir='ltr' id='par_1_13' title="bbox 159 4315 1042 4388">
     <span class='ocr_line' id='line_1_35' title="bbox 159 4315 1042 4388; baseline 0.001 -19"><span class='ocrx_word' id='word_1_221' title='bbox 159 4320 210 4370; x_wconf 75' lang='lat'><strong>482</strong></span> <span class='ocrx_word' id='word_1_222' title='bbox 230 4315 418 4387; x_wconf 73' lang='grc'><strong>0010011492</strong></span> <span class='ocrx_word' id='word_1_223' title='bbox 439 4333 489 4382; x_wconf 80' lang='lat' dir='ltr'><strong>qua</strong></span> <span class='ocrx_word' id='word_1_224' title='bbox 509 4317 522 4388; x_wconf 79' lang='grc' dir='ltr'><strong>ΙΙ</strong></span> <span class='ocrx_word' id='word_1_225' title='bbox 542 4320 593 4369; x_wconf 86' lang='grc'><strong>493</strong></span> <span class='ocrx_word' id='word_1_226' title='bbox 612 4334 731 4383; x_wconf 79' lang='lat' dir='ltr'><strong>spumans</strong></span> <span class='ocrx_word' id='word_1_227' title='bbox 749 4319 777 4368; x_wconf 92' lang='lat' dir='ltr'><strong>in</strong></span> <span class='ocrx_word' id='word_1_228' title='bbox 797 4316 880 4388; x_wconf 63' lang='grc'><strong>11497</strong></span> <span class='ocrx_word' id='word_1_229' title='bbox 900 4317 1042 4370; x_wconf 83' lang='lat' dir='ltr'><strong>Eliciuutur</strong></span> 
     </span>
    </p>
   </div>
   <div class='ocr_carea' id='block_1_5' title="bbox 0 0 1574 5036">
    <p class='ocr_par' dir='ltr' id='par_1_14' title="bbox 0 0 1574 5036">
     <span class='ocr_line' id='line_1_36' title="bbox 0 0 1574 5036; baseline 0 0"><span class='ocrx_word' id='word_1_230' title='bbox 0 0 1574 5036; x_wconf 95' lang='lat' dir='ltr'><strong> </strong></span> 
     </span>
    </p>
   </div>
  </div>
 </body>
</html>
