<?xml version="1.0" encoding="UTF-8"?>
<!DOCTYPE html PUBLIC "-//W3C//DTD XHTML 1.0 Transitional//EN"
    "http://www.w3.org/TR/xhtml1/DTD/xhtml1-transitional.dtd">
<html xmlns="http://www.w3.org/1999/xhtml" xml:lang="en" lang="en">
 <head>
  <title>
</title>
<meta http-equiv="Content-Type" content="text/html;charset=utf-8" />
  <meta name='ocr-system' content='tesseract 3.04.00' />
  <meta name='ocr-capabilities' content='ocr_page ocr_carea ocr_par ocr_line ocrx_word'/>
</head>
<body>
  <div class='ocr_page' id='page_1' title='image "./tlucreticarider25carugoog_0021.png"; bbox 0 0 3108 5034; ppageno 0'>
   <div class='ocr_carea' id='block_1_1' title="bbox 305 455 871 518">
    <p class='ocr_par' dir='ltr' id='par_1_1' title="bbox 305 455 871 518">
     <span class='ocr_line' id='line_1_1' title="bbox 305 455 871 518; baseline -0.002 -1"><span class='ocrx_word' id='word_1_1' title='bbox 305 457 343 518; x_wconf 90' lang='grc'><strong>14</strong></span> <span class='ocrx_word' id='word_1_2' title='bbox 859 455 871 516; x_wconf 94' lang='lat' dir='ltr'><strong>l</strong></span> 
     </span>
    </p>
   </div>
   <div class='ocr_carea' id='block_1_2' title="bbox 226 619 1298 3996">
    <p class='ocr_par' dir='ltr' id='par_1_2' title="bbox 298 619 1234 818">
     <span class='ocr_line' id='line_1_2' title="bbox 300 619 1234 709; baseline 0.006 -25"><span class='ocrx_word' id='word_1_3' title='bbox 300 619 466 684; x_wconf 89' lang='lat' dir='ltr'><strong>omnibus:</strong></span> <span class='ocrx_word' id='word_1_4' title='bbox 490 621 576 686; x_wconf 87' lang='lat' dir='ltr'><strong>haud</strong></span> <span class='ocrx_word' id='word_1_5' title='bbox 598 621 695 706; x_wconf 84' lang='lat' dir='ltr'><strong>igitur</strong></span> <span class='ocrx_word' id='word_1_6' title='bbox 717 624 887 705; x_wconf 86' lang='lat' dir='ltr'><strong>quicquam</strong></span> <span class='ocrx_word' id='word_1_7' title='bbox 909 624 1084 706; x_wconf 85' lang='lat' dir='ltr'><strong>procedere</strong></span> <span class='ocrx_word' id='word_1_8' title='bbox 1106 632 1234 709; x_wconf 83' lang='lat' dir='ltr'><strong>posset,</strong></span> 
     </span>
     <span class='ocr_line' id='line_1_3' title="bbox 298 734 1140 818; baseline 0.008 -21"><span class='ocrx_word' id='word_1_9' title='bbox 298 734 489 818; x_wconf 89' lang='lat' dir='ltr'><strong>principium</strong></span> <span class='ocrx_word' id='word_1_10' title='bbox 512 738 664 817; x_wconf 90' lang='lat' dir='ltr'><strong>quoniam</strong></span> <span class='ocrx_word' id='word_1_11' title='bbox 687 737 822 802; x_wconf 86' lang='lat' dir='ltr'><strong>cedendi</strong></span> <span class='ocrx_word' id='word_1_12' title='bbox 844 739 933 802; x_wconf 87' lang='lat' dir='ltr'><strong>nulla</strong></span> <span class='ocrx_word' id='word_1_13' title='bbox 955 739 1047 804; x_wconf 86' lang='lat' dir='ltr'><strong>daret</strong></span> <span class='ocrx_word' id='word_1_14' title='bbox 1068 759 1140 806; x_wconf 83' lang='lat' dir='ltr'><strong>ras.</strong></span> 
     </span>
    </p>

    <p class='ocr_par' dir='ltr' id='par_1_3' title="bbox 228 852 1216 1393">
     <span class='ocr_line' id='line_1_4' title="bbox 228 852 1146 948; baseline 0.002 -32"><span class='ocrx_word' id='word_1_15' title='bbox 228 870 278 916; x_wconf 80' lang='lat'><strong>340</strong></span> <span class='ocrx_word' id='word_1_16' title='bbox 301 857 333 913; x_wconf 90' lang='lat' dir='ltr'><strong>at</strong></span> <span class='ocrx_word' id='word_1_17' title='bbox 355 870 438 914; x_wconf 86' lang='lat' dir='ltr'><strong>nunc</strong></span> <span class='ocrx_word' id='word_1_18' title='bbox 458 869 515 932; x_wconf 87' lang='lat' dir='ltr'><strong>per</strong></span> <span class='ocrx_word' id='word_1_19' title='bbox 537 852 638 948; x_wconf 73' lang='lat' dir='ltr'><strong>maria</strong></span> <span class='ocrx_word' id='word_1_20' title='bbox 659 872 697 916; x_wconf 88' lang='lat' dir='ltr'><strong>ac</strong></span> <span class='ocrx_word' id='word_1_21' title='bbox 719 858 821 916; x_wconf 84' lang='lat' dir='ltr'><strong>terras</strong></span> <span class='ocrx_word' id='word_1_22' title='bbox 843 853 1043 934; x_wconf 81' lang='lat' dir='ltr'><strong>sublimaque</strong></span> <span class='ocrx_word' id='word_1_23' title='bbox 1065 855 1146 936; x_wconf 77' lang='lat' dir='ltr'><strong>caeli</strong></span> 
     </span>
     <span class='ocr_line' id='line_1_5' title="bbox 299 964 1050 1032; baseline 0.008 -6"><span class='ocrx_word' id='word_1_24' title='bbox 299 964 399 1028; x_wconf 90' lang='lat' dir='ltr'><strong>multa</strong></span> <span class='ocrx_word' id='word_1_25' title='bbox 419 965 523 1030; x_wconf 89' lang='lat' dir='ltr'><strong>modis</strong></span> <span class='ocrx_word' id='word_1_26' title='bbox 546 966 653 1030; x_wconf 93' lang='lat' dir='ltr'><strong>multis</strong></span> <span class='ocrx_word' id='word_1_27' title='bbox 674 966 764 1030; x_wconf 87' lang='lat' dir='ltr'><strong>varia</strong></span> <span class='ocrx_word' id='word_1_28' title='bbox 786 967 909 1031; x_wconf 87' lang='lat' dir='ltr'><strong>ratione</strong></span> <span class='ocrx_word' id='word_1_29' title='bbox 931 968 1050 1032; x_wconf 85' lang='lat' dir='ltr'><strong>moveri</strong></span> 
     </span>
     <span class='ocr_line' id='line_1_6' title="bbox 299 1077 1216 1166; baseline 0.008 -24"><span class='ocrx_word' id='word_1_30' title='bbox 299 1077 456 1142; x_wconf 86' lang='lat' dir='ltr'><strong>cernimus</strong></span> <span class='ocrx_word' id='word_1_31' title='bbox 478 1084 551 1144; x_wconf 85' lang='lat' dir='ltr'><strong>anta</strong></span> <span class='ocrx_word' id='word_1_32' title='bbox 575 1081 705 1159; x_wconf 89' lang='lat' dir='ltr'><strong>cculcs;</strong></span> <span class='ocrx_word' id='word_1_33' title='bbox 731 1101 833 1162; x_wconf 86' lang='lat' dir='ltr'><strong>quae,</strong></span> <span class='ocrx_word' id='word_1_34' title='bbox 857 1081 884 1146; x_wconf 89' lang='lat' dir='ltr'><strong>si</strong></span> <span class='ocrx_word' id='word_1_35' title='bbox 906 1101 970 1145; x_wconf 92' lang='lat' dir='ltr'><strong>ncn</strong></span> <span class='ocrx_word' id='word_1_36' title='bbox 994 1087 1078 1146; x_wconf 83' lang='lat' dir='ltr'><strong>esset</strong></span> <span class='ocrx_word' id='word_1_37' title='bbox 1099 1082 1216 1166; x_wconf 83' lang='lat' dir='ltr'><strong>inane,</strong></span> 
     </span>
     <span class='ocr_line' id='line_1_7' title="bbox 299 1193 1050 1276; baseline 0.007 -21"><span class='ocrx_word' id='word_1_38' title='bbox 299 1212 364 1256; x_wconf 90' lang='lat' dir='ltr'><strong>non</strong></span> <span class='ocrx_word' id='word_1_39' title='bbox 386 1198 450 1256; x_wconf 92' lang='lat' dir='ltr'><strong>tam</strong></span> <span class='ocrx_word' id='word_1_40' title='bbox 473 1193 610 1258; x_wconf 86' lang='lat' dir='ltr'><strong>sollicito</strong></span> <span class='ocrx_word' id='word_1_41' title='bbox 633 1200 719 1258; x_wconf 89' lang='lat' dir='ltr'><strong>motu</strong></span> <span class='ocrx_word' id='word_1_42' title='bbox 742 1195 866 1276; x_wconf 88' lang='lat' dir='ltr'><strong>privata</strong></span> <span class='ocrx_word' id='word_1_43' title='bbox 889 1200 1050 1260; x_wconf 59' lang='lat' dir='ltr'><strong>carerentl</strong></span> 
     </span>
     <span class='ocr_line' id='line_1_8' title="bbox 300 1308 1113 1393; baseline 0.005 -25"><span class='ocrx_word' id='word_1_44' title='bbox 300 1326 394 1386; x_wconf 86' lang='lat' dir='ltr'><strong>quam</strong></span> <span class='ocrx_word' id='word_1_45' title='bbox 418 1308 527 1388; x_wconf 87' lang='lat' dir='ltr'><strong>genita</strong></span> <span class='ocrx_word' id='word_1_46' title='bbox 551 1309 678 1374; x_wconf 85' lang='lat' dir='ltr'><strong>omnino</strong></span> <span class='ocrx_word' id='word_1_47' title='bbox 702 1310 791 1373; x_wconf 88' lang='lat' dir='ltr'><strong>nulla</strong></span> <span class='ocrx_word' id='word_1_48' title='bbox 813 1310 936 1374; x_wconf 87' lang='lat' dir='ltr'><strong>ratione</strong></span> <span class='ocrx_word' id='word_1_49' title='bbox 959 1309 1113 1393; x_wconf 88' lang='lat' dir='ltr'><strong>fuissent,</strong></span> 
     </span>
    </p>

    <p class='ocr_par' dir='ltr' id='par_1_4' title="bbox 227 1419 1194 1960">
     <span class='ocr_line' id='line_1_9' title="bbox 227 1419 1108 1507; baseline 0.001 -20"><span class='ocrx_word' id='word_1_50' title='bbox 227 1441 277 1487; x_wconf 80' lang='lat'><strong>345</strong></span> <span class='ocrx_word' id='word_1_51' title='bbox 299 1419 441 1501; x_wconf 89' lang='lat' dir='ltr'><strong>undique</strong></span> <span class='ocrx_word' id='word_1_52' title='bbox 465 1422 610 1487; x_wconf 87' lang='lat' dir='ltr'><strong>materies</strong></span> <span class='ocrx_word' id='word_1_53' title='bbox 634 1425 783 1504; x_wconf 89' lang='lat' dir='ltr'><strong>quoniam</strong></span> <span class='ocrx_word' id='word_1_54' title='bbox 808 1425 924 1507; x_wconf 91' lang='lat' dir='ltr'><strong>stipata</strong></span> <span class='ocrx_word' id='word_1_55' title='bbox 946 1425 1108 1506; x_wconf 84' lang='lat' dir='ltr'><strong>quiesset.</strong></span> 
     </span>
     <span class='ocr_line' id='line_1_10' title="bbox 298 1537 1132 1620; baseline 0.004 -23"><span class='ocrx_word' id='word_1_56' title='bbox 298 1540 463 1617; x_wconf 87' lang='lat' dir='ltr'><strong>praeterea</strong></span> <span class='ocrx_word' id='word_1_57' title='bbox 487 1537 630 1616; x_wconf 90' lang='lat' dir='ltr'><strong>quamvis</strong></span> <span class='ocrx_word' id='word_1_58' title='bbox 652 1539 775 1602; x_wconf 88' lang='lat' dir='ltr'><strong>solidae</strong></span> <span class='ocrx_word' id='word_1_59' title='bbox 796 1558 848 1602; x_wconf 87' lang='lat' dir='ltr'><strong>res</strong></span> <span class='ocrx_word' id='word_1_60' title='bbox 871 1558 942 1603; x_wconf 85' lang='lat' dir='ltr'><strong>esse</strong></span> <span class='ocrx_word' id='word_1_61' title='bbox 965 1545 1132 1620; x_wconf 89' lang='lat' dir='ltr'><strong>putentur,</strong></span> 
     </span>
     <span class='ocr_line' id='line_1_11' title="bbox 299 1649 1194 1734; baseline 0.006 -23"><span class='ocrx_word' id='word_1_62' title='bbox 299 1649 372 1712; x_wconf 88' lang='lat' dir='ltr'><strong>hinc</strong></span> <span class='ocrx_word' id='word_1_63' title='bbox 393 1655 501 1712; x_wconf 89' lang='lat' dir='ltr'><strong>tamen</strong></span> <span class='ocrx_word' id='word_1_64' title='bbox 524 1668 595 1714; x_wconf 86' lang='lat' dir='ltr'><strong>esse</strong></span> <span class='ocrx_word' id='word_1_65' title='bbox 618 1650 692 1715; x_wconf 89' lang='lat' dir='ltr'><strong>licet</strong></span> <span class='ocrx_word' id='word_1_66' title='bbox 714 1671 787 1714; x_wconf 86' lang='lat' dir='ltr'><strong>rarc</strong></span> <span class='ocrx_word' id='word_1_67' title='bbox 811 1671 881 1715; x_wconf 87' lang='lat' dir='ltr'><strong>cum</strong></span> <span class='ocrx_word' id='word_1_68' title='bbox 905 1671 1037 1734; x_wconf 84' lang='lat' dir='ltr'><strong>corpore</strong></span> <span class='ocrx_word' id='word_1_69' title='bbox 1060 1672 1194 1718; x_wconf 86' lang='lat' dir='ltr'><strong>cernas.</strong></span> 
     </span>
     <span class='ocr_line' id='line_1_12' title="bbox 298 1763 1051 1848; baseline 0.005 -22"><span class='ocrx_word' id='word_1_70' title='bbox 298 1763 330 1826; x_wconf 91' lang='lat' dir='ltr'><strong>in</strong></span> <span class='ocrx_word' id='word_1_71' title='bbox 353 1763 439 1828; x_wconf 85' lang='lat' dir='ltr'><strong>saxis</strong></span> <span class='ocrx_word' id='word_1_72' title='bbox 462 1782 501 1827; x_wconf 90' lang='lat' dir='ltr'><strong>ac</strong></span> <span class='ocrx_word' id='word_1_73' title='bbox 523 1765 684 1845; x_wconf 76' lang='lat' dir='ltr'><strong>speluncis</strong></span> <span class='ocrx_word' id='word_1_74' title='bbox 707 1771 876 1848; x_wconf 83' lang='lat' dir='ltr'><strong>permanat</strong></span> <span class='ocrx_word' id='word_1_75' title='bbox 897 1787 1051 1846; x_wconf 86' lang='lat' dir='ltr'><strong>aquarum</strong></span> 
     </span>
     <span class='ocr_line' id='line_1_13' title="bbox 299 1876 1143 1960; baseline 0.002 -19"><span class='ocrx_word' id='word_1_76' title='bbox 299 1876 441 1960; x_wconf 88' lang='lat' dir='ltr'><strong>liquidus</strong></span> <span class='ocrx_word' id='word_1_77' title='bbox 462 1897 554 1941; x_wconf 90' lang='lat' dir='ltr'><strong>umor</strong></span> <span class='ocrx_word' id='word_1_78' title='bbox 577 1885 607 1942; x_wconf 89' lang='lat' dir='ltr'><strong>et</strong></span> <span class='ocrx_word' id='word_1_79' title='bbox 629 1880 780 1944; x_wconf 87' lang='lat' dir='ltr'><strong>uberibus</strong></span> <span class='ocrx_word' id='word_1_80' title='bbox 802 1880 879 1944; x_wconf 90' lang='lat' dir='ltr'><strong>flent</strong></span> <span class='ocrx_word' id='word_1_81' title='bbox 900 1880 1005 1944; x_wconf 88' lang='lat' dir='ltr'><strong>omnia</strong></span> <span class='ocrx_word' id='word_1_82' title='bbox 1027 1881 1143 1960; x_wconf 85' lang='lat' dir='ltr'><strong>guttis.</strong></span> 
     </span>
    </p>

    <p class='ocr_par' dir='ltr' id='par_1_5' title="bbox 227 1991 1191 2532">
     <span class='ocr_line' id='line_1_14' title="bbox 227 1991 1191 2076; baseline -0.001 -17"><span class='ocrx_word' id='word_1_83' title='bbox 227 2013 277 2059; x_wconf 80' lang='lat'><strong>350</strong></span> <span class='ocrx_word' id='word_1_84' title='bbox 299 1991 434 2074; x_wconf 89' lang='lat' dir='ltr'><strong>dissipat</strong></span> <span class='ocrx_word' id='word_1_85' title='bbox 456 1991 488 2054; x_wconf 92' lang='lat' dir='ltr'><strong>in</strong></span> <span class='ocrx_word' id='word_1_86' title='bbox 511 2012 626 2076; x_wconf 87' lang='lat' dir='ltr'><strong>corpus</strong></span> <span class='ocrx_word' id='word_1_87' title='bbox 649 2013 721 2058; x_wconf 86' lang='lat' dir='ltr'><strong>sese</strong></span> <span class='ocrx_word' id='word_1_88' title='bbox 745 1995 834 2059; x_wconf 89' lang='lat' dir='ltr'><strong>cibus</strong></span> <span class='ocrx_word' id='word_1_89' title='bbox 857 2011 951 2059; x_wconf 87' lang='lat' dir='ltr'><strong>omne</strong></span> <span class='ocrx_word' id='word_1_90' title='bbox 974 1995 1191 2060; x_wconf 82' lang='lat' dir='ltr'><strong>animantum:</strong></span> 
     </span>
     <span class='ocr_line' id='line_1_15' title="bbox 300 2107 1151 2192; baseline 0.002 -22"><span class='ocrx_word' id='word_1_91' title='bbox 300 2113 446 2170; x_wconf 89' lang='lat' dir='ltr'><strong>crescunt</strong></span> <span class='ocrx_word' id='word_1_92' title='bbox 467 2107 596 2171; x_wconf 89' lang='lat' dir='ltr'><strong>arbusta</strong></span> <span class='ocrx_word' id='word_1_93' title='bbox 619 2112 650 2171; x_wconf 88' lang='lat' dir='ltr'><strong>ct</strong></span> <span class='ocrx_word' id='word_1_94' title='bbox 671 2107 755 2172; x_wconf 81' lang='lat' dir='ltr'><strong>fetus</strong></span> <span class='ocrx_word' id='word_1_95' title='bbox 778 2108 976 2192; x_wconf 85' lang='lat' dir='ltr'><strong>intempore</strong></span> <span class='ocrx_word' id='word_1_96' title='bbox 998 2107 1151 2192; x_wconf 82' lang='lat' dir='ltr'><strong>fundunt,</strong></span> 
     </span>
     <span class='ocr_line' id='line_1_16' title="bbox 299 2219 1121 2310; baseline 0.007 -28"><span class='ocrx_word' id='word_1_97' title='bbox 299 2219 384 2302; x_wconf 90' lang='lat' dir='ltr'><strong>quod</strong></span> <span class='ocrx_word' id='word_1_98' title='bbox 408 2219 495 2284; x_wconf 90' lang='lat' dir='ltr'><strong>cibus</strong></span> <span class='ocrx_word' id='word_1_99' title='bbox 517 2221 548 2284; x_wconf 95' lang='lat' dir='ltr'><strong>in</strong></span> <span class='ocrx_word' id='word_1_100' title='bbox 572 2227 656 2286; x_wconf 88' lang='lat' dir='ltr'><strong>totas</strong></span> <span class='ocrx_word' id='word_1_101' title='bbox 679 2224 843 2310; x_wconf 27' lang='lat' dir='ltr'><strong>usquesab</strong></span> <span class='ocrx_word' id='word_1_102' title='bbox 866 2221 1027 2288; x_wconf 78' lang='lat' dir='ltr'><strong>radicibus</strong></span> <span class='ocrx_word' id='word_1_103' title='bbox 1050 2223 1121 2288; x_wconf 89' lang='lat' dir='ltr'><strong>imis</strong></span> 
     </span>
     <span class='ocr_line' id='line_1_17' title="bbox 298 2336 1126 2417; baseline 0 -19"><span class='ocrx_word' id='word_1_104' title='bbox 298 2355 355 2417; x_wconf 87' lang='lat' dir='ltr'><strong>per</strong></span> <span class='ocrx_word' id='word_1_105' title='bbox 377 2342 505 2398; x_wconf 86' lang='lat' dir='ltr'><strong>truncos</strong></span> <span class='ocrx_word' id='word_1_106' title='bbox 526 2355 564 2399; x_wconf 89' lang='lat' dir='ltr'><strong>ac</strong></span> <span class='ocrx_word' id='word_1_107' title='bbox 587 2356 645 2417; x_wconf 90' lang='lat' dir='ltr'><strong>per</strong></span> <span class='ocrx_word' id='word_1_108' title='bbox 666 2357 773 2402; x_wconf 86' lang='lat' dir='ltr'><strong>ramos</strong></span> <span class='ocrx_word' id='word_1_109' title='bbox 796 2336 982 2400; x_wconf 84' lang='lat' dir='ltr'><strong>diffunditur</strong></span> <span class='ocrx_word' id='word_1_110' title='bbox 1005 2337 1126 2400; x_wconf 91' lang='lat' dir='ltr'><strong>omnis.</strong></span> 
     </span>
     <span class='ocr_line' id='line_1_18' title="bbox 297 2449 1134 2532; baseline 0.005 -22"><span class='ocrx_word' id='word_1_111' title='bbox 297 2449 378 2512; x_wconf 88' lang='lat' dir='ltr'><strong>inter</strong></span> <span class='ocrx_word' id='word_1_112' title='bbox 400 2455 514 2532; x_wconf 84' lang='lat' dir='ltr'><strong>saepta</strong></span> <span class='ocrx_word' id='word_1_113' title='bbox 535 2455 645 2514; x_wconf 88' lang='lat' dir='ltr'><strong>meant</strong></span> <span class='ocrx_word' id='word_1_114' title='bbox 666 2470 760 2516; x_wconf 88' lang='lat' dir='ltr'><strong>vcces</strong></span> <span class='ocrx_word' id='word_1_115' title='bbox 784 2457 815 2516; x_wconf 88' lang='lat' dir='ltr'><strong>et</strong></span> <span class='ocrx_word' id='word_1_116' title='bbox 838 2452 947 2516; x_wconf 85' lang='lat' dir='ltr'><strong>clausa</strong></span> <span class='ocrx_word' id='word_1_117' title='bbox 970 2451 1134 2514; x_wconf 85' lang='lat' dir='ltr'><strong>domorum</strong></span> 
     </span>
    </p>

    <p class='ocr_par' dir='ltr' id='par_1_6' title="bbox 226 2563 1266 3104">
     <span class='ocr_line' id='line_1_19' title="bbox 226 2563 1186 2649; baseline -0.001 -20"><span class='ocrx_word' id='word_1_118' title='bbox 226 2582 275 2629; x_wconf 80' lang='lat'><strong>300</strong></span> <span class='ocrx_word' id='word_1_119' title='bbox 298 2564 539 2640; x_wconf 84' lang='lat' dir='ltr'><strong>transvolitant‚</strong></span> <span class='ocrx_word' id='word_1_120' title='bbox 559 2563 695 2645; x_wconf 84' lang='lat' dir='ltr'><strong>rigidum</strong></span> <span class='ocrx_word' id='word_1_121' title='bbox 719 2571 884 2647; x_wconf 86' lang='lat' dir='ltr'><strong>permanat</strong></span> <span class='ocrx_word' id='word_1_122' title='bbox 906 2565 1005 2649; x_wconf 86' lang='lat' dir='ltr'><strong>frigus</strong></span> <span class='ocrx_word' id='word_1_123' title='bbox 1028 2566 1070 2628; x_wconf 92' lang='lat' dir='ltr'><strong>ad</strong></span> <span class='ocrx_word' id='word_1_124' title='bbox 1093 2587 1186 2630; x_wconf 84' lang='lat' dir='ltr'><strong>ossa.</strong></span> 
     </span>
     <span class='ocr_line' id='line_1_20' title="bbox 299 2677 1266 2763; baseline 0 -23"><span class='ocrx_word' id='word_1_125' title='bbox 299 2677 383 2759; x_wconf 88' lang='lat' dir='ltr'><strong>quod</strong></span> <span class='ocrx_word' id='word_1_126' title='bbox 407 2678 467 2742; x_wconf 90' lang='lat' dir='ltr'><strong>nisi</strong></span> <span class='ocrx_word' id='word_1_127' title='bbox 488 2678 597 2741; x_wconf 87' lang='lat' dir='ltr'><strong>inania</strong></span> <span class='ocrx_word' id='word_1_128' title='bbox 619 2679 699 2763; x_wconf 84' lang='lat' dir='ltr'><strong>sint,</strong></span> <span class='ocrx_word' id='word_1_129' title='bbox 724 2701 787 2762; x_wconf 89' lang='lat' dir='ltr'><strong>qua</strong></span> <span class='ocrx_word' id='word_1_130' title='bbox 810 2687 939 2763; x_wconf 85' lang='lat' dir='ltr'><strong>possent</strong></span> <span class='ocrx_word' id='word_1_131' title='bbox 962 2701 1097 2763; x_wconf 87' lang='lat' dir='ltr'><strong>corpora</strong></span> <span class='ocrx_word' id='word_1_132' title='bbox 1121 2695 1266 2761; x_wconf 85' lang='lat' dir='ltr'><strong>quaeque</strong></span> 
     </span>
     <span class='ocr_line' id='line_1_21' title="bbox 297 2792 1034 2859; baseline -0.003 -5"><span class='ocrx_word' id='word_1_133' title='bbox 297 2793 431 2858; x_wconf 85' lang='lat' dir='ltr'><strong>transire</strong></span> <span class='ocrx_word' id='word_1_134' title='bbox 455 2792 540 2856; x_wconf 88' lang='lat' dir='ltr'><strong>haud</strong></span> <span class='ocrx_word' id='word_1_135' title='bbox 564 2793 631 2856; x_wconf 88' lang='lat' dir='ltr'><strong>ulla</strong></span> <span class='ocrx_word' id='word_1_136' title='bbox 653 2793 720 2859; x_wconf 90' lang='lat' dir='ltr'><strong>fieri</strong></span> <span class='ocrx_word' id='word_1_137' title='bbox 743 2795 865 2858; x_wconf 87' lang='lat' dir='ltr'><strong>ratione</strong></span> <span class='ocrx_word' id='word_1_138' title='bbox 888 2794 1034 2857; x_wconf 88' lang='lat' dir='ltr'><strong>videres.</strong></span> 
     </span>
     <span class='ocr_line' id='line_1_22' title="bbox 299 2905 1064 2987; baseline 0.001 -20"><span class='ocrx_word' id='word_1_139' title='bbox 299 2905 435 2987; x_wconf 88' lang='lat' dir='ltr'><strong>denique</strong></span> <span class='ocrx_word' id='word_1_140' title='bbox 457 2926 513 2970; x_wconf 91' lang='lat' dir='ltr'><strong>cur</strong></span> <span class='ocrx_word' id='word_1_141' title='bbox 535 2907 618 2971; x_wconf 87' lang='lat' dir='ltr'><strong>alias</strong></span> <span class='ocrx_word' id='word_1_142' title='bbox 641 2908 711 2970; x_wconf 87' lang='lat' dir='ltr'><strong>aliis</strong></span> <span class='ocrx_word' id='word_1_143' title='bbox 734 2913 899 2987; x_wconf 84' lang='lat' dir='ltr'><strong>praestare</strong></span> <span class='ocrx_word' id='word_1_144' title='bbox 921 2905 1064 2968; x_wconf 85' lang='lat' dir='ltr'><strong>videmus</strong></span> 
     </span>
     <span class='ocr_line' id='line_1_23' title="bbox 297 3018 1006 3104; baseline -0.001 -23"><span class='ocrx_word' id='word_1_145' title='bbox 297 3020 439 3102; x_wconf 88' lang='lat' dir='ltr'><strong>pondere</strong></span> <span class='ocrx_word' id='word_1_146' title='bbox 462 3041 513 3085; x_wconf 86' lang='lat' dir='ltr'><strong>res</strong></span> <span class='ocrx_word' id='word_1_147' title='bbox 536 3022 630 3085; x_wconf 91' lang='lat' dir='ltr'><strong>rebus</strong></span> <span class='ocrx_word' id='word_1_148' title='bbox 653 3021 719 3084; x_wconf 91' lang='lat' dir='ltr'><strong>nilc</strong></span> <span class='ocrx_word' id='word_1_149' title='bbox 743 3019 861 3104; x_wconf 85' lang='lat' dir='ltr'><strong>maiore</strong></span> <span class='ocrx_word' id='word_1_150' title='bbox 884 3018 1006 3101; x_wconf 83' lang='lat' dir='ltr'><strong>ligura?</strong></span> 
     </span>
    </p>

    <p class='ocr_par' dir='ltr' id='par_1_7' title="bbox 226 3133 1276 3330">
     <span class='ocr_line' id='line_1_24' title="bbox 226 3133 1171 3214; baseline -0.002 -16"><span class='ocrx_word' id='word_1_151' title='bbox 226 3153 276 3198; x_wconf 86' lang='lat'><strong>300</strong></span> <span class='ocrx_word' id='word_1_152' title='bbox 298 3153 372 3196; x_wconf 88' lang='lat' dir='ltr'><strong>nam</strong></span> <span class='ocrx_word' id='word_1_153' title='bbox 396 3134 422 3196; x_wconf 88' lang='lat' dir='ltr'><strong>si</strong></span> <span class='ocrx_word' id='word_1_154' title='bbox 444 3135 661 3198; x_wconf 87' lang='lat' dir='ltr'><strong>tantundemst</strong></span> <span class='ocrx_word' id='word_1_155' title='bbox 681 3133 715 3196; x_wconf 93' lang='lat' dir='ltr'><strong>in</strong></span> <span class='ocrx_word' id='word_1_156' title='bbox 736 3133 830 3198; x_wconf 84' lang='lat' dir='ltr'><strong>lanae</strong></span> <span class='ocrx_word' id='word_1_157' title='bbox 854 3134 996 3214; x_wconf 83' lang='lat' dir='ltr'><strong>glomere</strong></span> <span class='ocrx_word' id='word_1_158' title='bbox 1020 3139 1171 3213; x_wconf 86' lang='lat' dir='ltr'><strong>quantum</strong></span> 
     </span>
     <span class='ocr_line' id='line_1_25' title="bbox 300 3246 1276 3330; baseline 0 -20"><span class='ocrx_word' id='word_1_159' title='bbox 300 3247 438 3329; x_wconf 88' lang='lat' dir='ltr'><strong>corporis</strong></span> <span class='ocrx_word' id='word_1_160' title='bbox 460 3247 492 3310; x_wconf 93' lang='lat' dir='ltr'><strong>in</strong></span> <span class='ocrx_word' id='word_1_161' title='bbox 515 3249 642 3330; x_wconf 89' lang='lat' dir='ltr'><strong>plumbo</strong></span> <span class='ocrx_word' id='word_1_162' title='bbox 668 3254 735 3323; x_wconf 78' lang='lat' dir='ltr'><strong>est,</strong></span> <span class='ocrx_word' id='word_1_163' title='bbox 758 3249 941 3312; x_wconf 88' lang='lat' dir='ltr'><strong>tantundem</strong></span> <span class='ocrx_word' id='word_1_164' title='bbox 965 3246 1104 3330; x_wconf 85' lang='lat' dir='ltr'><strong>pendere</strong></span> <span class='ocrx_word' id='word_1_165' title='bbox 1128 3267 1187 3328; x_wconf 90' lang='lat' dir='ltr'><strong>par</strong></span> <span class='ocrx_word' id='word_1_166' title='bbox 1209 3254 1276 3322; x_wconf 84' lang='lat' dir='ltr'><strong>cst;</strong></span> 
     </span>
    </p>

    <p class='ocr_par' dir='ltr' id='par_1_8' title="bbox 265 3359 1298 3444">
     <span class='ocr_line' id='line_1_26' title="bbox 265 3359 1298 3444; baseline -0.003 -19"><span class='ocrx_word' id='word_1_167' title='bbox 265 3385 272 3398; x_wconf 92' lang='lat'><strong>·</strong></span> <span class='ocrx_word' id='word_1_168' title='bbox 299 3362 439 3444; x_wconf 88' lang='lat' dir='ltr'><strong>corporis</strong></span> <span class='ocrx_word' id='word_1_169' title='bbox 463 3361 633 3426; x_wconf 85' lang='lat' dir='ltr'><strong>officiumst</strong></span> <span class='ocrx_word' id='word_1_170' title='bbox 656 3361 806 3443; x_wconf 88' lang='lat' dir='ltr'><strong>quoniam</strong></span> <span class='ocrx_word' id='word_1_171' title='bbox 830 3379 974 3443; x_wconf 87' lang='lat' dir='ltr'><strong>premere</strong></span> <span class='ocrx_word' id='word_1_172' title='bbox 998 3360 1105 3422; x_wconf 87' lang='lat' dir='ltr'><strong>omnia</strong></span> <span class='ocrx_word' id='word_1_173' title='bbox 1128 3359 1298 3442; x_wconf 85' lang='lat' dir='ltr'><strong>deorsum,</strong></span> 
     </span>
    </p>

    <p class='ocr_par' dir='ltr' id='par_1_9' title="bbox 298 3473 1209 3672">
     <span class='ocr_line' id='line_1_27' title="bbox 298 3473 1209 3558; baseline 0 -20"><span class='ocrx_word' id='word_1_174' title='bbox 298 3481 408 3538; x_wconf 87' lang='lat' dir='ltr'><strong>contra</strong></span> <span class='ocrx_word' id='word_1_175' title='bbox 430 3482 538 3541; x_wconf 91' lang='lat' dir='ltr'><strong>autem</strong></span> <span class='ocrx_word' id='word_1_176' title='bbox 563 3483 678 3541; x_wconf 90' lang='lat' dir='ltr'><strong>natura</strong></span> <span class='ocrx_word' id='word_1_177' title='bbox 700 3480 806 3538; x_wconf 89' lang='lat' dir='ltr'><strong>manet</strong></span> <span class='ocrx_word' id='word_1_178' title='bbox 828 3475 898 3538; x_wconf 86' lang='lat' dir='ltr'><strong>sinc</strong></span> <span class='ocrx_word' id='word_1_179' title='bbox 922 3473 1063 3558; x_wconf 85' lang='lat' dir='ltr'><strong>pondere</strong></span> <span class='ocrx_word' id='word_1_180' title='bbox 1085 3473 1209 3538; x_wconf 91' lang='lat' dir='ltr'><strong>inanis.</strong></span> 
     </span>
     <span class='ocr_line' id='line_1_28' title="bbox 298 3586 1164 3672; baseline -0.002 -20"><span class='ocrx_word' id='word_1_181' title='bbox 298 3608 374 3671; x_wconf 86' lang='lat' dir='ltr'><strong>ergo</strong></span> <span class='ocrx_word' id='word_1_182' title='bbox 398 3589 482 3670; x_wconf 90' lang='lat' dir='ltr'><strong>quod</strong></span> <span class='ocrx_word' id='word_1_183' title='bbox 505 3596 687 3672; x_wconf 81' lang='lat' dir='ltr'><strong>magnumst</strong></span> <span class='ocrx_word' id='word_1_184' title='bbox 710 3608 812 3669; x_wconf 86' lang='lat' dir='ltr'><strong>aeque</strong></span> <span class='ocrx_word' id='word_1_185' title='bbox 834 3586 999 3668; x_wconf 84' lang='lat' dir='ltr'><strong>leviusque</strong></span> <span class='ocrx_word' id='word_1_186' title='bbox 1022 3586 1164 3669; x_wconf 83' lang='lat' dir='ltr'><strong>videtur,</strong></span> 
     </span>
    </p>

    <p class='ocr_par' dir='ltr' id='par_1_10' title="bbox 226 3693 1150 3996">
     <span class='ocr_line' id='line_1_29' title="bbox 226 3693 1070 3788; baseline -0.002 -22"><span class='ocrx_word' id='word_1_187' title='bbox 226 3722 275 3769; x_wconf 85' lang='lat'><strong>305</strong></span> <span class='ocrx_word' id='word_1_188' title='bbox 297 3703 330 3765; x_wconf 92' lang='lat' dir='ltr'><strong>ni</strong></span> <span class='ocrx_word' id='word_1_189' title='bbox 353 3703 485 3782; x_wconf 85' lang='lat' dir='ltr'><strong>mirum,</strong></span> <span class='ocrx_word' id='word_1_190' title='bbox 509 3705 582 3788; x_wconf 89' lang='lat' dir='ltr'><strong>plns</strong></span> <span class='ocrx_word' id='word_1_191' title='bbox 605 3693 683 3767; x_wconf 43' lang='lat' dir='ltr'><strong>csse*</strong></span> <span class='ocrx_word' id='word_1_192' title='bbox 699 3703 759 3766; x_wconf 90' lang='lat' dir='ltr'><strong>sibi</strong></span> <span class='ocrx_word' id='word_1_193' title='bbox 783 3703 927 3786; x_wconf 81' lang='lat' dir='ltr'><strong>declarat</strong></span> <span class='ocrx_word' id='word_1_194' title='bbox 949 3701 1070 3765; x_wconf 91' lang='lat' dir='ltr'><strong>inanis:</strong></span> 
     </span>
     <span class='ocr_line' id='line_1_30' title="bbox 298 3815 1081 3899; baseline -0.003 -19"><span class='ocrx_word' id='word_1_195' title='bbox 298 3824 331 3880; x_wconf 88' lang='lat' dir='ltr'><strong>at</strong></span> <span class='ocrx_word' id='word_1_196' title='bbox 354 3821 464 3882; x_wconf 86' lang='lat' dir='ltr'><strong>contra</strong></span> <span class='ocrx_word' id='word_1_197' title='bbox 487 3815 617 3899; x_wconf 85' lang='lat' dir='ltr'><strong>gravius</strong></span> <span class='ocrx_word' id='word_1_198' title='bbox 641 3817 712 3898; x_wconf 90' lang='lat' dir='ltr'><strong>plus</strong></span> <span class='ocrx_word' id='word_1_199' title='bbox 734 3817 766 3878; x_wconf 91' lang='lat' dir='ltr'><strong>in</strong></span> <span class='ocrx_word' id='word_1_200' title='bbox 790 3837 825 3880; x_wconf 89' lang='lat' dir='ltr'><strong>se</strong></span> <span class='ocrx_word' id='word_1_201' title='bbox 847 3815 988 3898; x_wconf 90' lang='lat' dir='ltr'><strong>ccrpcris</strong></span> <span class='ocrx_word' id='word_1_202' title='bbox 1011 3835 1081 3880; x_wconf 85' lang='lat' dir='ltr'><strong>esse</strong></span> 
     </span>
     <span class='ocr_line' id='line_1_31' title="bbox 299 3928 1150 3996; baseline 0 -2"><span class='ocrx_word' id='word_1_203' title='bbox 299 3930 425 3996; x_wconf 87' lang='lat' dir='ltr'><strong>dedicat</strong></span> <span class='ocrx_word' id='word_1_204' title='bbox 448 3937 479 3994; x_wconf 91' lang='lat' dir='ltr'><strong>et</strong></span> <span class='ocrx_word' id='word_1_205' title='bbox 501 3930 597 3993; x_wconf 88' lang='lat' dir='ltr'><strong>multo</strong></span> <span class='ocrx_word' id='word_1_206' title='bbox 621 3950 754 3994; x_wconf 86' lang='lat' dir='ltr'><strong>vacuum</strong></span> <span class='ocrx_word' id='word_1_207' title='bbox 779 3930 883 3995; x_wconf 91' lang='lat' dir='ltr'><strong>minus</strong></span> <span class='ocrx_word' id='word_1_208' title='bbox 905 3930 989 3992; x_wconf 91' lang='lat' dir='ltr'><strong>intus</strong></span> <span class='ocrx_word' id='word_1_209' title='bbox 1011 3928 1150 3994; x_wconf 85' lang='lat' dir='ltr'><strong>habere.</strong></span> 
     </span>
    </p>
   </div>
   <div class='ocr_carea' id='block_1_3' title="bbox 298 4193 1419 4332">
    <p class='ocr_par' dir='ltr' id='par_1_11' title="bbox 298 4193 1419 4332">
     <span class='ocr_line' id='line_1_32' title="bbox 298 4193 1419 4264; baseline 0.001 -21"><span class='ocrx_word' id='word_1_210' title='bbox 298 4198 346 4244; x_wconf 85' lang='grc'><strong>347</strong></span> <span class='ocrx_word' id='word_1_211' title='bbox 367 4196 454 4246; x_wconf 87' lang='lat' dir='ltr'><strong>liceret</strong></span> <span class='ocrx_word' id='word_1_212' title='bbox 484 4193 496 4264; x_wconf 76' lang='grc' dir='ltr'>Η</span> <span class='ocrx_word' id='word_1_213' title='bbox 526 4199 576 4246; x_wconf 85' lang='grc'><strong>349</strong></span> <span class='ocrx_word' id='word_1_214' title='bbox 595 4198 655 4246; x_wconf 88' lang='lat' dir='ltr'><strong>fient</strong></span> <span class='ocrx_word' id='word_1_215' title='bbox 684 4194 698 4264; x_wconf 78' lang='grc' dir='ltr'>Η</span> <span class='ocrx_word' id='word_1_216' title='bbox 728 4201 777 4246; x_wconf 80' lang='lat'><strong>352</strong></span> <span class='ocrx_word' id='word_1_217' title='bbox 801 4198 938 4246; x_wconf 79' lang='lat' dir='ltr'><strong>redicimus</strong></span> <span class='ocrx_word' id='word_1_218' title='bbox 967 4193 979 4263; x_wconf 69' lang='lat' dir='ltr'><strong>ll</strong></span> <span class='ocrx_word' id='word_1_219' title='bbox 1010 4198 1058 4244; x_wconf 76' lang='lat'><strong>307</strong></span> <span class='ocrx_word' id='word_1_220' title='bbox 1082 4195 1135 4242; x_wconf 88' lang='lat' dir='ltr'><strong>nlla</strong></span> <span class='ocrx_word' id='word_1_221' title='bbox 1152 4194 1263 4240; x_wconf 86' lang='lat' dir='ltr'><strong>valerent</strong></span> <span class='ocrx_word' id='word_1_222' title='bbox 1282 4195 1381 4244; x_wconf 86' lang='lat' dir='ltr'><strong>ratione</strong></span> <span class='ocrx_word' id='word_1_223' title='bbox 1407 4193 1419 4264; x_wconf 75' lang='grc' dir='ltr'>Η</span> 
     </span>
     <span class='ocr_line' id='line_1_33' title="bbox 300 4285 421 4332; baseline 0.017 -2"><span class='ocrx_word' id='word_1_224' title='bbox 300 4285 349 4330; x_wconf 86' lang='lat'><strong>300</strong></span> <span class='ocrx_word' id='word_1_225' title='bbox 369 4285 421 4332; x_wconf 85' lang='lat' dir='ltr'><strong>Aut</strong></span> 
     </span>
    </p>
   </div>
   <div class='ocr_carea' id='block_1_4' title="bbox 0 0 1558 5034">
    <p class='ocr_par' dir='ltr' id='par_1_12' title="bbox 0 0 1558 5034">
     <span class='ocr_line' id='line_1_34' title="bbox 0 0 1558 5034; baseline 0 3"><span class='ocrx_word' id='word_1_226' title='bbox 0 0 1558 5034; x_wconf 95' lang='lat' dir='ltr'><strong> </strong></span> 
     </span>
    </p>
   </div>
  </div>
 </body>
</html>
