3140 5036
288 405 346 467 156
815 398 872 462 IllI

283 570 316 633 id
340 590 465 652 quoque
487 570 653 654 permagni
676 569 792 635 refert:
809 591 883 633 narn
907 590 993 635 more
1017 569 1155 634 ferarum

203 703 268 750 1265
286 682 591 766 quadrupedumque
615 685 717 765 magis
741 685 801 748 ritu
825 685 1014 768 plerumque
1036 691 1188 768 putantur

285 799 450 883 concipere
475 819 609 877 uxores,
629 798 705 879 quia
728 799 774 863 sic
795 799 866 864 loca
889 819 1014 865 sumere
1037 807 1190 883 possunt,

285 911 467 997 pectoribus
490 912 625 996 positis,
644 913 778 976 sublatis
802 914 926 978 semina
949 914 1087 979 lumbis.

286 1047 344 1090 nee
367 1026 480 1090 molles
504 1028 574 1110 opu’
598 1034 671 1092 sunt
693 1034 798 1092 motus
821 1029 973 1095 uxoribus
997 1029 1116 1094 hilum.

284 1161 358 1204 narn
381 1140 496 1204 mulier
518 1140 667 1224 prohibet
690 1161 725 1206 se
749 1145 917 1226 concipere
940 1149 1035 1225 atque
1058 1151 1233 1228 repugnat,

204 1277 270 1323 raro
288 1255 434 1320 clunibus
456 1256 526 1338 ipsa
549 1255 606 1318 viri
628 1255 785 1320 Venerem
808 1257 833 1320 si
859 1258 945 1322 laeta
967 1265 1120 1323 retractat

284 1379 378 1452 atque
402 1374 551 1434 exossato
577 1369 638 1435 ciet
661 1371 745 1434 omni
766 1378 897 1466 pectore
920 1373 1053 1438 linctus:

286 1486 358 1550 eicit
380 1484 463 1550 enim
487 1489 608 1552 sulcum
632 1490 720 1554 recta
742 1487 873 1567 regione
895 1489 1011 1570 viaque

283 1603 440 1687 vomeris,
459 1610 554 1684 atque
575 1604 655 1668 locis
678 1605 790 1667 avertit
813 1602 944 1666 seminis
967 1603 1083 1667 ictum.

285 1715 381 1798 idque
406 1737 465 1782 sua
487 1739 586 1783 carisa
609 1721 801 1783 consuerunt
823 1723 927 1780 scorta
951 1719 1089 1801 moveri,

202 1852 268 1897 mro
286 1851 325 1896 ne
348 1833 581 1916 complerentur
603 1831 714 1896 erebro
738 1831 958 1913 gravidaeque
980 1833 1141 1910 iacerent,

285 1952 316 2008 et
339 1947 431 2010 simul
454 1947 523 2029 ipsa
546 1947 622 2010 viris
646 1945 752 2010 Venus
775 1951 808 2008 ut
831 1946 1016 2011 concinnior
1039 1954 1143 2030 esset3

285 2061 473 2144 coniugibus
496 2061 581 2144 quod
605 2062 649 2124 nil
672 2060 789 2124 nostris
811 2081 893 2145 opus
916 2081 988 2126 esse
1011 2061 1155 2126 videtur.

325 2177 391 2240 Nec
413 2177 563 2241 divinitus
586 2177 667 2240 inter
690 2174 765 2239 dnm
785 2175 982 2257 Venerisque
1007 2177 1131 2259 sagittis

287 2290 444 2356 deteriore
466 2291 500 2354 fit
522 2298 555 2355 nt
578 2291 681 2356 forma
704 2291 890 2354 muliercula
914 2296 1055 2355 ametur:

202 2427 267 2473 meo
285 2425 359 2468 nam
383 2406 457 2469 facit
479 2407 551 2489 ipsa
574 2407 640 2470 suis
661 2406 743 2469 inter
764 2406 842 2468 dnm
866 2404 984 2470 femina
1007 2405 1100 2472 factis

284 2521 513 2603 morigerisque
536 2520 639 2584 modis
662 2524 694 2582 et
715 2519 834 2584 munde
858 2539 992 2603 corpore
1015 2521 1118 2598 culto,

285 2642 319 2699 ul
341 2635 434 2700 facile
457 2635 619 2700 insuescat
641 2650 747 2699 seeum
770 2654 829 2699 nos
852 2633 970 2715 degere
993 2635 1110 2700 vitam.

286 2750 373 2831 quod
396 2770 493 2833 super
516 2756 584 2834 est,
601 2750 796 2814 consuetudo
821 2750 989 2813 concinnat
1011 2769 1172 2814 amorem:

285 2885 358 2928 nam
380 2865 492 2930 leviter
516 2865 660 2946 quamvis
683 2864 768 2945 quod
791 2865 901 2928 crebro
924 2863 1065 2927 tunditur
1086 2865 1170 2948 ictu,

201 3000 266 3047 1285
283 2979 418 3044 vincitur
440 2979 473 3042 in
496 2981 591 3064 longo
616 2980 719 3064 spatio
743 2985 851 3042 tamen
875 2985 971 3060 atque
994 2979 1153 3044 labascit.

285 3114 390 3158 nonne
412 3094 503 3160 vides
526 3096 621 3160 eliam
643 3100 749 3180 guttas
775 3095 808 3156 in
831 3113 911 3158 saxa
934 3094 1079 3160 cadentis

285 3208 404 3272 umoris
426 3208 522 3292 longo
546 3211 580 3274 in
603 3210 706 3294 spatio
729 3209 919 3291 pertundere
943 3210 1050 3274 saxa?

290 3489 355 3534 1267
375 3487 495 3535 lambris.
517 3484 530 3554 l}
556 3490 622 3535 1268
642 3487 680 3536 Ne
699 3484 713 3554 Η
736 3488 802 3534 1275
822 3487 992 3549 gravidaque.
1013 3483 1026 3553 Η
1049 3489 1113 3534 1281
1134 3488 1211 3535 moris
1237 3484 1249 3553 Η
1276 3489 1341 3535 1282
1362 3502 1409 3535 nos

289 3590 428 3623 carcasum.
