3108 5034
324 370 366 434 48
563 372 568 382 '
874 363 903 427 II

327 534 411 600 cerie
434 532 510 598 hant
531 537 666 616 possunt
688 552 791 614 ecque
814 553 880 597 rem
903 553 1063 616 quemque
1086 537 1222 620 morari,

326 648 383 714 sed
406 646 498 712 citius
520 647 637 714 cedunt
657 646 857 730 gravioribus
877 654 1090 732 exsuperata:

252 785 301 832 255
328 769 361 828 at
383 768 491 828 contra
513 762 592 828 nulli
616 762 656 826 de
679 761 767 824 nulla
789 767 879 844 parte
903 781 1007 844 neque
1033 763 1098 826 ullo

325 884 467 960 ternpore
489 877 584 941 inane
608 880 713 959 potest
735 895 872 940 vacuum
895 877 1070 942 subsistere
1093 877 1160 953 rei,

327 991 422 1074 quin,
447 1011 506 1056 sua
529 991 616 1073 quod
637 1000 753 1058 nature
774 993 873 1077 petit,
897 990 1072 1058 concedere
1093 997 1244 1075 pergat:¹

325 1107 432 1171 omnia
456 1127 520 1188 qua
543 1115 672 1192 propter
695 1107 812 1174 debent
832 1125 891 1192 per
913 1106 1010 1170 inane
1033 1105 1173 1187 quietum

326 1242 428 1302 aeque
450 1222 646 1306 ponderibus
669 1243 733 1288 non
756 1222 868 1303 aequis
891 1219 1017 1286 concita
1039 1219 1134 1284 feni.

250 1357 300 1404 240
325 1335 414 1400 haud
435 1338 532 1422 igitur
553 1343 702 1422 poterunt
723 1337 895 1403 levioribus
918 1335 1060 1400 incidere
1081 1354 1234 1416 umquam

325 1470 363 1515 ex
386 1469 502 1534 supero
524 1453 696 1534 graviora,
719 1473 826 1534 neque
848 1452 930 1516 ictus
952 1450 1084 1534 gignere
1106 1467 1165 1532 per
1188 1469 1242 1526 se,

326 1567 379 1646 qui
401 1565 527 1630 varient
548 1571 671 1649 motus,
695 1587 752 1649 per
775 1586 854 1647 quoe
877 1571 993 1630 natura
1016 1569 1107 1647 gerat
1129 1583 1200 1628 ree.

327 1697 427 1761 quare
450 1679 546 1744 etiarn
566 1677 663 1762 atque
686 1680 783 1745 etiam
805 1679 938 1764 paulum
959 1677 1115 1742 inclinare
1135 1682 1297 1742 necessest
1317 1705 1327 1722 ·

327 1814 482 1878 corpora3
506 1783 565 1858 nec
586 1795 659 1877 plus
683 1815 779 1877 quam
801 1793 985 1870 minimum,
1008 1809 1048 1855 ne
1071 1789 1194 1871 fingere
1217 1797 1322 1856 motus

251 1929 301 1975 245
327 1909 474 1990 obliquos
497 1909 661 1974 videamur
683 1915 714 1972 et
735 1907 770 1972 id
792 1928 843 1972 ree
865 1926 942 1971 vera
965 1903 1098 1970 refutet.

327 2043 466 2104 narnquc
488 2022 549 2086 hoc
572 2022 603 2085 in
625 2029 774 2105 promptu
796 2021 1062 2101 manifestumque
1085 2038 1157 2084 esse
1179 2020 1346 2104 videmus,

326 2136 491 2220 pondera,
515 2137 721 2218 quantumin
745 2156 780 2212 ee
802 2141 870 2212 est,
893 2155 958 2199 nou
980 2153 1076 2217 posse
1100 2133 1232 2215 obliqua
1253 2153 1383 2211 meare,

327 2272 367 2318 ex
390 2272 505 2335 supero
529 2271 600 2316 curn
622 2251 855 2335 praecipitant,
880 2248 966 2330 quod
988 2267 1120 2314 cernere
1143 2249 1270 2332 possis:

327 2366 384 2432 sed
407 2366 450 2430 nil
474 2367 602 2432 omnino
626 2367 715 2429 nulla
738 2365 868 2446 regione
891 2363 975 2441 vicis

251 2502 301 2549 250
326 2481 486 2546 declinare
510 2482 581 2562 quie
603 2486 651 2546 eet
674 2480 727 2562 qui
750 2485 892 2564 praestet
913 2497 1043 2543 cernere
1066 2476 1165 2543 ecee?

369 2597 516 2678 Denique
540 2595 565 2660 si
589 2615 716 2680 semper
737 2605 842 2660 motus
865 2594 1038 2660 conectitur
1059 2593 1163 2658 omnis

326 2717 358 2776 et
379 2718 485 2776 vetere
508 2717 620 2776 exacto
644 2711 782 2774 exoritur
804 2729 905 2774 novus
928 2707 1038 2773 ordine
1062 2714 1167 2790 certo,

325 2846 385 2890 nec
407 2823 597 2890 declinando
621 2823 742 2888 faciunt
764 2823 938 2908 primordia
960 2829 1065 2886 motus

326 2939 517 3022 principium
540 2936 703 3018 quoddam
716 2965 727 3020 ,·
748 2937 833 3018 quod
856 2937 914 3000 fari
937 2937 1070 3002 foedera
1092 2943 1238 3019 rumpat,

251 3073 301 3119 255
328 3073 368 3117 ex
390 3052 511 3117 infinito
535 3071 575 3116 ne
598 3072 730 3117 causam
753 3072 852 3118 cauea
875 3057 1048 3136 sequatur,

324 3167 425 3232 libera
447 3187 504 3252 per
526 3173 630 3246 terras
652 3168 738 3232 unde
761 3167 841 3232 haec
863 3165 1081 3232 animantibus
1105 3173 1230 3240 exstat,

327 3283 412 3348 unde
436 3289 484 3348 est
505 3284 606 3361 haec,
629 3285 781 3366 iuquam,
805 3279 881 3346 fatis
905 3281 1017 3346 avolsa
1040 3286 1205 3364 potestas,

327 3416 385 3480 per
408 3418 504 3478 quarn
526 3395 748 3481 progredimur
771 3417 833 3477 quo
858 3395 943 3461 ducit
965 3415 1122 3477 quemque
1145 3395 1315 3476 voluntas,

326 3508 523 3576 declinamus
544 3513 620 3576 item
642 3515 745 3574 motus
769 3529 828 3574 neo
850 3516 994 3594 ternpore
1017 3516 1102 3574 certo

252 3644 302 3691 250
328 3644 387 3689 nec
408 3624 539 3706 regione
562 3624 623 3688 loci
648 3630 755 3710 certa,
780 3625 837 3690 sed
861 3625 915 3690 ubi
937 3626 1009 3708 ipsa
1030 3623 1101 3686 tulit
1122 3624 1240 3688 mone?

328 3761 403 3804 narn
426 3739 523 3802 dubio
544 3740 656 3823 procul
678 3741 727 3804 his
750 3741 845 3806 rebus
868 3761 928 3806 sua
952 3739 1066 3819 cuique
1086 3737 1235 3802 voluntas

327 3853 516 3939 principium
539 3854 614 3932 dat,
638 3860 670 3919 et
691 3853 765 3920 hinc
789 3861 891 3920 motus
913 3872 972 3936 per
995 3853 1136 3916 membra
1159 3853 1322 3936 rigantur.

1389 3966 1397 4004 ι,

327 4038 527 4045 ——--—.-—.—-—.

331 4160 380 4206 233
400 4157 513 4206 Haerent
537 4151 549 4224 Η
576 4158 627 4205 234
645 4165 809 4218 exsuperate.
839 4153 852 4222 Η
883 4158 933 4204 240
952 4163 1088 4218 potuerunt
1116 4151 1129 4222 Η
1159 4156 1208 4202 247
1228 4168 1254 4202 se
1273 4152 1413 4203 omissum.
1437 4153 1451 4219 Η

331 4247 380 4294 249
398 4247 470 4294 trulla
488 4247 627 4296 oriciorum.
649 4239 662 4310 Η
689 4245 738 4292 250
758 4244 837 4305 possit
857 4240 869 4310 Η
891 4245 939 4290 251
959 4251 1031 4292 motu
1055 4239 1069 4312 ΙΙ
1096 4245 1145 4291 252
1166 4249 1256 4289 exacto
1276 4225 1416 4290 emiorum'.
1439 4237 1452 4307 ΙΙ

329 4335 378 4380 257
399 4334 530 4397 voluptas.
