3108 5034
266 349 307 414 24
822 349 837 410 I

269 521 410 578 naturam
436 535 528 596 quarn
552 521 636 579 totus
659 515 756 579 habet
778 537 873 600 super
895 518 979 599 ignis
1003 518 1174 583 haberent.

193 650 243 696 650
269 627 372 694 acrior
394 629 489 692 ardor
511 629 595 694 enim
619 630 784 694 conductis
806 631 951 714 partibus
974 640 1077 717 66666,

267 742 449 826 languidior
471 765 567 828 porro
590 744 728 809 disiectis
751 744 864 825 disque
890 746 1033 829 supatis:

268 857 406 941 'amplius
429 858 489 923 hoc
512 858 580 923 fieri
604 857 649 920 nil
671 863 719 922 666
741 859 826 939 quod
849 878 945 942 posse
967 861 1069 926 rearis

268 973 386 1037 talibus
407 973 439 1036 16
463 973 587 1047 666616,
611 991 652 1036 66
674 970 748 1035 dum
768 973 927 1036 variantia
949 993 1053 1038 rerum

269 1092 357 1151 tanta
380 1093 474 1168 queat
497 1087 606 1152 densis
630 1086 774 1167 66616666
797 1105 835 1149 ex
857 1087 984 1168 ignibus
1007 1109 1100 1156 esse.

194 1221 243 1268 655
269 1201 302 1263 id
325 1221 471 1284 quoque,
495 1201 521 1264 si
544 1199 666 1264 faciant
688 1199 862 1264 admixtum
885 1203 981 1267 rebus
1002 1204 1119 1290 inane,

270 1315 396 1379 denseri
418 1321 569 1398 poterunt
589 1315 680 1398 ignes
701 1315 828 1396 rarique
849 1315 1006 1400 relinqui:

268 1429 324 1494 sed
349 1430 423 1511 quia
445 1430 545 1492 multa
568 1429 629 1494 sibi
652 1406 782 1494 cernunt
804 1431 964 1495 contraria
987 1432 1101 1499 adesse

216 1515 224 1529 ⁰
269 1551 300 1608 et
322 1543 458 1627 fugitant
480 1543 513 1606 in
535 1545 630 1607 rebus
652 1543 748 1606 inane
772 1543 951 1626 relinquere
973 1567 1108 1631 purum,

270 1657 371 1722 ardua
395 1656 468 1720 dum
493 1662 654 1732 metuunt,
678 1657 825 1721 amittunt
846 1678 922 1722 vera
942 1660 1023 1738 viai,

194 1793 245 1840 660
269 1792 329 1837 neo
350 1792 473 1836 rursum
497 1778 627 1836 oemunt
649 1777 796 1855 exempto
819 1773 914 1837 rebus
936 1773 1025 1838 inani

271 1887 377 1950 omnia
398 1886 524 1950 denseri
547 1885 679 1967 fierique
702 1905 741 1952 ex
766 1887 911 1952 omnibus
934 1909 1031 1953 unum

271 2021 406 2085 corpus,
428 2001 471 2063 nil
494 2001 534 2064 ab
558 2019 593 2066 se
616 1999 703 2081 quod
724 2002 827 2084 possit
848 2002 971 2066 mittere
994 2004 1128 2086 raptim:

271 2114 399 2180 aestifer·
422 2113 506 2194 ignis
529 2115 573 2178 uti
595 2116 701 2178 lumen
724 2115 799 2180 iacit
822 2122 916 2197 66666
939 2136 1112 2200 vaporem,

270 2236 303 2293 ut
324 2227 435 2292 videas
458 2248 523 2293 non
546 2248 563 2293 6
587 2229 714 2313 stipatis
735 2229 880 2313 partibus
903 2251 995 2296 6666.

196 2365 245 2412 665
271 2343 356 2426 quod
379 2343 406 2407 61
428 2341 511 2407 forte
534 2345 599 2407 alia
621 2343 755 2408 credunt
777 2345 899 2409 ratione
921 2352 1049 2428 potesse

269 2458 354 2541 ignis
376 2459 409 2521 in
432 2464 523 2522 coetu
545 2457 662 2540 stingui
685 2465 869 2540 mutareque
892 2479 1026 2543 corpus,

271 2573 411 2656 66111666,
435 2593 475 2638 ex
498 2573 587 2638 nulla
608 2572 718 2640 facere
740 2574 775 2638 id
797 2575 822 2638 61
845 2582 938 2660 parte
960 2583 1150 2660 reparcent‚

272 2687 395 2755 occidet
417 2688 458 2752 ad
481 2688 599 2764 nilum,⁸
621 2689 655 2753 ni
677 2691 811 2773 mirum,
834 2691 974 2756 funditus
997 2693 1093 2756 ardor

271 2805 373 2870 666616
395 2811 426 2868 66
448 2823 466 2868 6
490 2804 555 2868 6116
578 2803 654 2868 11666
677 2823 759 2885 6666
782 2825 914 2887 cumque
937 2781 1101 2871 creantur:

196 2943 246 2989 666
271 2941 343 2984 narn
368 2920 452 3002 qucd
476 2939 610 3001 eumque
633 2919 698 2982 suis
720 2925 873 2983 mutatum
895 2920 1010 2985 finibus
1033 2921 1117 2998 exit,

209 3093 217 3104 ,
270 3037 417 3102 66661666
441 3037 500 3100 1666
522 3055 607 3100 mors
631 3039 679 3099 est
700 3034 784 3100 illius
809 3037 893 3116 quod
913 3035 972 3101 fuit
992 3042 1086 3102 ante.

268 3152 402 3237 proinde
425 3151 535 3232 aliquit
558 3169 708 3234 superare
731 3170 861 3217 necesse
885 3158 934 3217 est
955 3153 1114 3218 incolume
1136 3153 1229 3236 ollis,

271 3289 310 3332 ne
332 3266 388 3331 tibi
411 3288 462 3332 res
484 3266 617 3332 redeant
639 3265 679 3328 ad
702 3266 802 3330 nilum
825 3266 966 3334 funditus
992 3287 1101 3334 omnes

269 3383 309 3448 de
332 3382 460 3464 niloque
483 3387 595 3445 renata
617 3383 760 3460 vigescat
783 3383 875 3466 copia
897 3403 1022 3448 rerum.

194 3517 243 3566 665
270 3503 353 3560 6666
375 3496 471 3577 igitur
494 3494 644 3576 quoniam
667 3496 842 3560 certissima
865 3517 1000 3580 corpora
1023 3495 1179 3578 quaedam

269 3617 359 3693 sunt,
384 3629 465 3691 quae
489 3616 677 3673 conservant
700 3614 846 3674 naturam
868 3629 995 3693 semper
1016 3611 1171 3688 eandem,

270 3746 402 3810 quorum
425 3724 513 3788 abitu
536 3727 589 3786 666
612 3723 699 3788 661166
722 3731 906 3806 mutatoque
929 3725 1040 3790 ordine
1062 3732 1191 3802 mutant¹

214 3919 217 3926 Ι
269 3845 415 3906 naturam
437 3857 489 3904 res
512 3843 542 3902 66
565 3845 751 3903 convertunt
773 3859 909 3923 corpora
932 3858 1023 3924 6666,

270 4025 470 4032 ..-—-------..

270 4146 319 4193 649
332 4142 452 4191 haberet.
476 4138 488 4210 Η
508 4143 554 4191 651
570 4143 712 4206 Langidior
726 4140 739 4210 11
755 4144 803 4190 657
818 4158 904 4192 muse.
923 4140 936 4212 11
957 4145 1006 4193 659
1021 4159 1064 4194 ver
1077 4147 1151 4195 6616.
1173 4143 1185 4211 11
1207 4145 1361 4194 66916666.
1378 4140 1391 4212 Η

271 4233 320 4279 662
334 4230 428 4294 raptis.
449 4227 463 4298 Η
484 4229 605 4280 6666616
626 4226 638 4298 11
660 4233 709 4278 666
730 4237 816 4279 666666
836 4227 848 4298 ll
869 4247 1016 4294 musareque
1037 4230 1049 4300 ΙΙ
1070 4235 1120 4282 668
1140 4231 1254 4282 funditur
1270 4231 1362 4282 arbor.
1377 4227 1391 4300 Η

272 4319 321 4370 669
335 4333 348 4369 6
362 4319 501 4396 emiorum.
523 4313 537 4386 ΙΙ
558 4320 608 4366 679
627 4325 768 4368 mutuatum
788 4314 801 4388 Η
825 4321 872 4368 671
894 4319 1003 4370 virescet
