3140 5036
692 361 721 424 V

147 549 231 610 quae
255 547 389 609 eumque
411 529 493 594 inter
516 549 551 594 se
573 536 706 613 possent
727 550 900 611 congressa
923 551 1053 610 creare,

148 648 317 726 propterea
338 642 372 704 lit
394 643 438 706 uti
460 664 612 724 magnum
634 644 765 727 volgata
785 663 844 727 per
865 665 979 711 aevom

147 777 241 821 omne
263 775 366 837 genus
388 761 498 821 ooetus
521 761 553 822 44
576 762 679 822 motus
702 757 897 840 experiundo

147 867 279 934 tandem
302 871 494 934 conveniant
517 889 557 936 ea
580 890 664 952 quae
686 876 845 938 eonveota.
864 878 996 956 repente

70 1003 121 1050 430
147 1002 338 1063 magnarum
360 1003 465 1048 rerum
487 983 566 1048 fiunt
588 985 722 1050 exordia
746 989 890 1070 semper,

146 1095 244 1160 terrai
266 1097 364 1161 maris
387 1102 418 1160 et
440 1097 522 1162 eaeli
543 1098 733 1182 generisque
756 1099 972 1164 animantum.

186 1211 246 1275 Hie
266 1229 372 1293 neque
395 1217 461 1274 tum
483 1212 560 1276 solis
582 1217 653 1275 rota
676 1212 762 1276 oerni
783 1213 903 1278 lumine
926 1216 1017 1298 largo

147 1323 317 1388 altivolans
339 1329 466 1407 poterat
486 1343 546 1390 neo
568 1325 678 1408 magni
701 1325 808 1390 sidera
829 1328 939 1392 mundi

146 1458 205 1502 444
224 1456 313 1502 mare
335 1457 395 1502 nee
417 1439 541 1503 eaelum
565 1457 624 1504 444
647 1436 787 1520 denique
809 1445 895 1505 terra
917 1459 1020 1523 neque
1045 1451 1100 1508 444

68 1573 121 1619 434
153 1571 213 1617 444
236 1551 350 1616 similis
371 1551 487 1616 nostris
510 1552 604 1616 rebus
626 1571 678 1618 res
701 1553 767 1618 ulla
789 1553 908 1630 videri,

148 1665 208 1746 sed
230 1686 314 1729 nova
335 1671 508 1750 tempestas
530 1666 688 1748 quaedam
710 1666 876 1750 molesque
898 1677 1009 1734 eoorta

70 1801 122 1848 444
150 1799 244 1845 omne
266 1800 368 1862 genus
390 1780 430 1845 de
452 1779 635 1864 prinoipiis,
653 1779 814 1844 discordia
836 1802 969 1863 quorum

149 1895 317 1960 intervalla
338 1893 410 1959 vias
433 1913 573 1959 oonexus
596 1893 740 1978 pondera
762 1895 878 1980 plagas

148 2028 318 2074 oonoursus
340 2015 445 2073 motus
467 2009 617 2074 turbabat
637 2009 762 2092 proelia
784 2010 940 2095 miscens,

132 2093 277 2208 'propter
299 2123 462 2188 dissimilis
484 2122 605 2188 formas
626 2122 797 2204 variasque
818 2123 937 2206 figuras

149 2237 236 2318 quod
258 2259 322 2302 non
345 2237 453 2303 omnia
476 2238 522 2302 sio
543 2241 691 2320 poterant
714 2235 881 2300 eoniunota
904 2257 1034 2303 manere

70 2372 122 2418 445
149 2370 208 2417 444
229 2357 333 2416 motus
354 2352 437 2416 inter
459 2370 530 2416 sese
554 2349 632 2416 dare
655 2349 891 2416 eonvenientis.

66 2486 119 2534 434
147 2465 303 2548 diffugere
324 2465 400 2532 inde
421 2466 484 2530 looi
505 2449 613 2550 partes
637 2484 790 2549 uespere,
806 2485 963 2548 paresque

145 2599 216 2644 oum
237 2581 367 2662 paribus
390 2579 479 2663 iungi
502 2599 552 2644 res
575 2585 606 2644 et
628 2565 808 2644 discludere
831 2579 983 2646 mundum

146 2695 354 2776 membraque
377 2693 519 2802 diviqere
543 2701 573 2760 et
594 2714 732 2775 magnas
754 2693 927 2778 disponere
948 2702 1075 2780 partes,

66 2831 119 2876 446
146 2809 207 2874 hoo
229 2814 335 2892 est,a
357 2809 448 2876 terris
472 2809 570 2875 altum
592 2829 761 2875 seoernere
784 2809 930 2888 eaelum,

77 2949 80 2957 ¹
145 2929 176 2988 44
198 2943 322 2989 sorsum
344 2944 431 2988 mare
453 2925 498 2987 uti
522 2930 645 2990 4444444
668 2943 779 2989 umore
802 2929 946 3008 pateret,

145 3056 273 3103 seorsus
295 3037 368 3102 item
390 3038 462 3122 puri
484 3039 660 3120 secretique
683 3038 823 3104 aetheris
844 3039 956 3122 ignes.

184 3151 314 3236 Quippe
335 3151 450 3218 etenim
473 3152 609 3236 primum
633 3151 731 3218 terrai
753 3172 888 3236 corpora
910 3173 1079 3239 quaeque,

65 3287 118 3334 mo
144 3272 316 3351 propterea
339 3265 424 3348 quod
446 3272 538 3330 erant
559 3267 673 3349 gravia
697 3271 727 3330 et
748 3267 925 3351 perplexa,
942 3269 1069 3333 ooibant

143 3379 178 3444 in
199 3381 306 3446 medio
329 3376 427 3461 atqrm
449 3381 532 3446 imas
554 3380 723 3464 capiebant
745 3380 853 3446 omnia
876 3380 991 3463 sedes3

144 3500 368 3577 quaequanto
391 3495 494 3576 magis
516 3494 598 3558 inter
620 3515 655 3560 se
676 3495 831 3579 perplexa
855 3495 1004 3577 coibant,
1095 3489 1099 3496 ’

144 3616 207 3673 tam
231 3609 333 3690 magis
355 3628 541 3694 expressere
565 3628 603 3674 ea
626 3629 709 3691 quae
731 3629 820 3675 mare
843 3609 949 3676 sidera
972 3611 1072 3678 solem

142 3724 316 3805 lunamque
339 3721 503 3788 efficerent
526 3728 558 3788 et
578 3726 686 3807 magni
708 3725 835 3791 moenia
856 3724 986 3790 muudi:

66 3858 116 3906 455
143 3837 253 3903 omnia
275 3836 359 3903 enim
381 3837 486 3918 magis
509 3837 591 3902 haee
614 3855 632 3902 e
654 3837 778 3903 levibus
799 3844 897 3918 atque
919 3840 1064 3904 rutundis

145 4139 197 4188 428
217 4137 373 4200 omnigenus
398 4132 412 4202 Η
436 4137 487 4184 429
513 4143 636 4191 conventa
661 4131 674 4202 Η
699 4136 751 4184 430
770 4135 851 4183 fluunt
874 4133 887 4204 ll
913 4151 1004 4198 saepe.
1025 4133 1039 4202 Η
1063 4139 1112 4186 431
1133 4138 1227 4188 Terrae
1252 4135 1265 4206 Η

143 4227 195 4276 433
223 4225 283 4274 Alte
305 4223 392 4272 volans
421 4218 435 4289 ΙΙ
463 4224 514 4272 440
539 4220 695 4284 omnigenus
719 4237 732 4272 e
762 4221 774 4288 ql
804 4225 853 4272 441
880 4222 922 4272 via
950 4218 963 4292 ΙΙ
992 4225 1042 4274 437
1066 4223 1143 4274 indue
1172 4221 1185 4291 ΙΙ
1215 4226 1266 4276 439

143 4327 239 4379 magna
259 4308 272 4380 Η
293 4313 342 4360 447
362 4325 436 4358 umor
455 4305 468 4380 Η
489 4311 539 4358 449
560 4317 641 4363 terrae
