3140 5036
289 323 347 386 144
819 319 877 380 IIII

286 494 317 552 et
338 487 464 551 facilest
487 486 590 571 factu,
609 489 758 568 quoniam
782 487 951 552 coniuncta
973 493 1118 553 tenetur.

209 621 259 669 890
282 601 359 666 1000
383 621 422 665 00
444 621 598 685 proporro
623 621 738 684 corpus
759 601 959 683 terit,atque
981 602 1027 666 110
1050 608 1116 682 tota

283 715 436 799 paulatim
460 715 561 780 moles
583 715 775 799 protruditur
797 722 891 797 atque
914 721 1078 781 movetur.

283 836 450 914 praeterea
471 834 543 892 turn.
559 829 695 904 rarescit
706 850 832 912 000000
856 851 991 916 corpus,
1008 839 1039 896 01
1061 839 1136 908 aer,

212 1013 214 1018 ,
284 944 422 1027 scilicet,
440 949 474 1007 01
496 943 591 1008 00001
614 944 668 1026 001
690 965 816 1028 semper
836 945 961 1010 mobilis
985 952 1090 1023 extat,
1139 974 1141 982 r

283 1079 340 1143 per
362 1057 525 1142 patefacta
545 1059 634 1123 venit
655 1065 861 1143 penetratque
884 1059 1042 1125 foramina
1064 1062 1192 1144 largus,

208 1194 258 1241 895
284 1181 314 1238 ct
338 1173 532 1256 dispargitur
554 1173 595 1236 ad
619 1175 716 1256 partis
739 1175 783 1238 ita
807 1195 950 1256 quasque
972 1175 1108 1240 minutas

287 1287 449 1371 corporis.
467 1287 517 1352 hio
538 1287 634 1369 igitur
658 1290 752 1354 rebus
774 1289 809 1352 fit
831 1290 988 1371 utrimque
1011 1289 1156 1367 duabus,

283 1401 425 1486 corporis
449 1408 481 1464 ut
502 1401 593 1466 navis
616 1402 694 1466 velis
718 1409 878 1484 ventoque
902 1403 1042 1468 feratur.

284 1537 342 1581 nec
363 1523 469 1580 tamen
492 1516 570 1579 illud
593 1517 626 1579 in
649 1515 698 1580 his
721 1519 816 1582 rebus
839 1519 984 1583 mirabile
1008 1523 1152 1600 constat,

284 1631 406 1696 tantula
429 1630 515 1711 quod
538 1636 658 1694 tantum
682 1651 797 1714 corpus
820 1633 1010 1716 corpuscula
1033 1639 1165 1715 possunt

210 1768 259 1815 900
286 1753 495 1826 contorquere
518 1751 548 1810 et
571 1763 651 1810 0000
674 1751 773 1810 totum
797 1755 979 1814 convertere
1003 1753 1163 1811 nostrum:

285 1861 402 1944 quippe
426 1859 543 1926 etenim
569 1866 681 1924 ventus
704 1861 812 1944 suptili
836 1882 969 1946 corpore
991 1863 1094 1926 tenvis

283 1977 380 2041 trudit
402 1995 503 2058 agens
526 1996 677 2058 magnam
700 1995 824 2060 magno·
839 1977 1000 2043 molimine
1024 1997 1158 2051 navem,

285 2099 316 2156 et
339 2111 452 2156 manus
475 2112 539 2179 una
561 2091 641 2174 regit
664 2099 782 2173 quanto
807 2091 854 2156 vis
877 2091 996 2175 impeto
1019 2098 1147 2157 euntem

284 2213 380 2288 atque
403 2205 633 2288 gubernaclum
656 2213 845 2290 contorquet
867 2229 929 2290 quo
952 2207 1030 2271 libet
1052 2227 1167 2290 unum,

210 2343 259 2390 900
285 2324 467 2405 multaque,
485 2341 543 2406 per
565 2323 701 2387 trocleas
725 2329 756 2387 et
778 2328 951 2408 tympana,
968 2322 1112 2406 pondera
1134 2339 1255 2401 magna

285 2442 464 2502 commovet
486 2442 583 2517 atque
606 2435 668 2500 levi
691 2435 828 2500 sustollit
850 2437 997 2519 machina
1018 2436 1109 2501 nisu.

324 2553 417 2616 Nunc
440 2551 554 2632 quibus
577 2551 630 2614 ille
654 2551 756 2614 modis
779 2570 909 2615 somnus
930 2571 987 2634 per
1009 2551 1152 2614 membra
1177 2547 1313 2629 quietem

284 2665 401 2748 inriget
424 2671 520 2746 atque
544 2664 643 2729 animi
667 2684 757 2728 curas
780 2684 798 2728 e
820 2671 948 2747 pectore
971 2665 1093 2747 solvat,

287 2765 459 2846 suavidicis
481 2779 587 2863 potius
610 2799 705 2859 quam
728 2778 835 2842 multis
858 2779 1001 2860 versibus
1025 2778 1139 2856 edam;

210 2907 269 2963 910'
285 2914 405 2981 parvus
427 2899 462 2956 ut
485 2898 533 2956 est
555 2893 646 2976 cycni
669 2890 780 2954 melior
803 2911 920 2972 canor,
936 2894 990 2958 ille
1013 2912 1125 2975 gruum
1148 2910 1242 2972 quarn

286 3010 407 3074 elamor
429 3007 462 3070 in
485 3001 820 3093 aetheriis'dispersus
844 3008 981 3074 nubibus
1005 3005 1124 3072 austri.

285 3129 318 3187 tu
340 3121 415 3186 mihi
439 3121 482 3186 00
505 3123 607 3188 100010
630 3145 722 3190 aures
745 3125 948 3206 animumque
971 3141 1143 3204 sagacem,

274 3257 325 3314 vnc
349 3236 417 3301 fieri
440 3235 564 3318 negites
588 3258 671 3318 0000
695 3239 799 3304 01000
824 3257 941 3322 00000,
957 3237 1105 3317 retroque

284 3371 360 3415 vera
382 3350 556 3433 repulsanti
579 3348 727 3415 01000000
748 3358 878 3434 pectore
902 3351 1005 3432 01010,

213 3484 262 3531 910
287 3468 420 3528 tutemet
441 3462 590 3545 inculpa
612 3483 682 3527 eum
705 3463 750 3528 010
771 3484 875 3547 00000
899 3481 1027 3528 cernere
1049 3460 1175 3544 possis.

285 3575 442 3660 principio
466 3597 596 3642 somnus
618 3577 652 3640 fit
673 3577 728 3642 ubi
751 3584 799 3643 001
822 3579 972 3642 distracta.
993 3596 1051 3660 per
1073 3580 1160 3638 artus

285 3689 334 3755 vis
357 3690 483 3756 animae
505 3691 685 3775 partimque
707 3692 793 3758 soras
817 3691 920 3756 eiecta
941 3689 1073 3754 recessit

287 3810 317 3869 et
339 3805 452 3889 parlim
477 3811 625 3870 contrusa
647 3806 750 3887 magis
774 3805 929 3870 concessit
951 3805 983 3868 in
1007 3804 1125 3867 altum:

198 3978 205 3992 ,
287 3919 504 3986 dissoluuntur
526 3919 609 3984 euim
631 3927 697 3984 tum
720 3921 846 3986 demum
870 3919 1012 3983 membra
1033 3917 1215 4012 00001000.

292 4195 342 4242 889
357 4193 453 4242 factum
472 4190 486 4262 ΙΙ
506 4193 556 4242 890
569 4194 634 4255 perit
653 4191 667 4261 Η
688 4194 810 4240 8970100
829 4189 843 4260 Η
863 4193 913 4241 899
927 4191 1039 4240 Το01010
1053 4188 1066 4258 Η
1082 4191 1131 4238 905
1144 4188 1254 4251 pondere
1267 4202 1376 4250 magno.
1393 4182 1407 4254 Η

293 4282 341 4328 907
355 4281 424 4328 modi
445 4277 457 4348 Η
478 4280 578 4341 quiete.
598 4277 612 4348 Η
634 4282 682 4328 909
703 4278 847 4326 Suautdicis
867 4277 880 4343 Η
902 4279 951 4325 915
972 4278 1085 4325 Tutimet
