3140 5036
305 415 345 479 86
839 404 889 466 Ill

305 576 432 642 mobilis
456 573 604 658 egregie,
622 593 775 658 perquam
799 579 944 638 constare
966 577 1130 638 necessest

231 711 280 760 nou
307 688 493 774 corporibus
515 687 623 770 parvis
645 693 677 752 et
698 687 820 752 levibus
843 692 941 767 atque
965 685 1128 752 rutundis.

307 823 388 887 quae
410 801 467 866 tibi
493 799 623 880 cognita
645 801 750 866 resin
772 800 899 884 multis,
918 821 936 864 o
957 800 1060 883 boue,
1077 800 1173 866 rebus

307 917 395 982 utilis
416 913 595 980 invenietur
619 919 650 979 et
673 919 852 1000 opportuna
874 913 1009 978 eluebit.

307 1034 386 1098 haee
409 1049 535 1113 quoque
557 1048 610 1094 res
633 1029 727 1094 etiam
750 1033 893 1092 naturam
916 1027 1043 1094 dedicat
1065 1029 1154 1112 eiua,

307 1167 403 1228 quam
425 1145 511 1209 tenui
534 1150 657 1207 constet
678 1148 823 1226 textura,
841 1162 1000 1224 quamque
1023 1143 1094 1208 loeo
1118 1163 1153 1208 se

233 1282 283 1330 212
309 1260 468 1325 contineat
489 1277 609 1342 parvo,
626 1258 653 1322 si
675 1257 778 1342 possit
801 1257 1055 1339 conglomerati,

308 1373 394 1456 quod
417 1373 510 1438 simul
532 1377 627 1453 atque
650 1373 808 1436 hominem
831 1372 886 1437 leti
909 1392 1020 1436 seeura
1043 1367 1132 1454 quies
1156 1377 1204 1436 est

307 1487 439 1571 indepta
462 1495 559 1569 atque
582 1488 680 1552 animi
703 1492 816 1582 natura
838 1487 1030 1567 animaeque
1052 1487 1204 1566 recessit,

308 1603 352 1665 nil
373 1602 419 1665 ibi
441 1603 572 1680 libatum
595 1601 635 1666 de
657 1607 722 1665 toto
746 1621 878 1684 corpore
902 1620 1015 1664 cernas

309 1715 352 1780 ad
374 1716 536 1800 speeiem,
553 1716 598 1780 nil
620 1716 660 1779 ad
683 1715 827 1799 pondus:
843 1735 928 1779 mors
951 1715 1057 1778 omnia
1078 1721 1240 1799 pra-estat,

234 1850 284 1898 212
310 1830 439 1894 vitalem
463 1836 589 1914 praeter
612 1849 740 1894 sensum
763 1829 965 1910 palidumque
987 1847 1160 1910 vaporem.

309 1962 385 2024 ergo
409 1942 550 2008 animam
572 1948 670 2007 totam
693 1945 858 2024 perparvis
882 1961 954 2007 esse
977 1947 1141 2006 neeessest

310 2057 503 2135 seminibus,
519 2077 636 2122 nexam
659 2077 717 2142 per
738 2077 837 2121 venas
859 2057 982 2121 viscera
1004 2075 1140 2144 nervos3

311 2192 373 2252 qua
395 2177 506 2251 tenua,
525 2173 627 2237 omnis
650 2173 704 2249 ubi
728 2192 746 2236 e
769 2177 834 2236 toto
858 2172 922 2236 iam
946 2190 1079 2255 corpore
1103 2171 1219 2246 cessit,
1255 2186 1257 2189 ·

310 2287 428 2351 extima
450 2289 662 2352 membrorum
685 2287 802 2351 oireum
826 2306 958 2350 2222222
979 2272 1085 2349 tamen
1108 2305 1142 2348 se
1226 2259 1230 2266 Δ

235 2420 285 2468 222
309 2401 498 2465 ineolumem
521 2408 663 2486 praestat
685 2420 743 2463 nee
766 2399 841 2462 defit
863 2398 1014 2481 ponderis
1036 2397 1153 2461 hilum.

309 2516 393 2596 quod
415 2535 517 2598 genus
540 2521 607 2590 est,
623 2497 739 2578 Baoehi
763 2533 833 2577 eum
854 2513 914 2577 llos
937 2513 1085 2590 evanuit,
1102 2518 1156 2576 aut
1178 2532 1248 2577 eum

311 2629 438 2715 spiritus
461 2630 632 2715 unguentei
655 2628 763 2694 suavis
787 2629 914 2710 diffugit
934 2629 967 2692 in
989 2649 1104 2702 22222,

309 2751 364 2808 aut
386 2743 492 2824 aliquo
516 2745 672 2836 animiam
695 2763 790 2807 suous
812 2745 852 2808 de
876 2762 1009 2826 corpore
1033 2742 1147 2806 eessit:

310 2859 354 2921 nil
377 2858 478 2922 oeulis
500 2864 605 2920 tamen
629 2875 700 2948 2222
723 2857 825 2920 minor
848 2877 899 2921 222
921 2857 994 2940 ipsa
1016 2854 1140 2919 videtur

235 2993 284 3040 222
310 2977 480 3056 propterea
503 2991 605 3052 neque
629 2970 803 3034 detractum
828 2970 867 3035 de
889 2969 1030 3053 pondere
1053 2969 1242 3050 quiequam,

310 3086 341 3148 ni
364 3085 497 3162 mirum,
515 3085 589 3166 quia
611 3085 710 3149 multa
734 3086 916 3166 minutaque
939 3085 1064 3149 semina
1087 3105 1180 3150 suoos

310 3197 451 3262 efficiunt
472 3204 503 3263 et
526 3197 656 3264 odorem
677 3199 711 3262 in
734 3205 798 3264 loto
822 3219 955 3284 corpore
977 3199 1044 3264 rei.

310 3332 408 3393 quare
432 3313 526 3376 etiam
550 3319 647 3394 atque
670 3313 766 3376 etiam
789 3314 903 3377 mentis
926 3319 1072 3377 naturam
1094 3312 1286 3393 animaeque

310 3426 390 3489 seire
412 3427 486 3490 lieet
507 3445 661 3509 perquam
683 3426 834 3508 pauxillis
858 3445 930 3491 esse
953 3431 1091 3490 creatam

235 3559 285 3606 232
311 3539 504 3616 seminibus,
522 3539 671 3620 quoniam
693 3537 820 3618 fugiens
843 3539 889 3602 nil
910 3539 1062 3622 ponderis
1085 3538 1208 3604 aufert.

310 3685 316 3694 ·
349 3652 417 3716 Nea
439 3659 546 3716 tamen
568 3651 653 3717 haee
674 3651 808 3734 simplex
831 3651 922 3716 nobis
944 3659 1057 3716 natura
1078 3653 1222 3736 putanda
1244 3659 1312 3718 est.

310 3765 413 3830 tenvis
436 3765 518 3830 enim
544 3766 700 3848 quaedam
722 3764 927 3829 moribundos
950 3765 1068 3831 deserit
1090 3787 1170 3832 aura

313 3880 411 3943 mixta
433 3900 572 3962 vapore,
589 3899 690 3962 vapor
712 3899 806 3962 porro
829 3879 926 3946 trahit
947 3888 1022 3946 2222
1044 3900 1170 3948 seeum.

311 4011 370 4057 neo
392 3993 480 4058 ealor
502 4000 551 4058 est
574 3993 762 4089 quisquam,
781 3995 830 4060 eui
853 3996 968 4060 mixtus
990 4017 1054 4060 non
1077 3997 1136 4062 siet
1159 4003 1233 4062 a'er:

315 4263 365 4310 210
384 4277 410 4310 22
433 4260 447 4328 Η
471 4263 520 4310 222
541 4272 668 4324 unguente
693 4259 705 4328 ΙΙ
732 4265 780 4310 227
800 4278 899 4311 rerum.
927 4262 939 4329 ll
966 4263 1015 4310 232
1035 4262 1120 4310 Tenus
1148 4259 1160 4326 ll
1192 4263 1242 4311 234
1266 4263 1307 4326 qui
1330 4264 1432 4315 nonsit

314 4346 409 4396 mixtus
427 4357 452 4396 et
470 4363 529 4396 aer.
