3140 5036
268 403 270 406 ’
316 400 377 464 110
454 351 457 358 ⁵
851 393 900 458 111

239 586 288 634 999
314 586 378 629 non
401 562 511 629 merito
533 563 685 628 inclamet
706 563 811 645 magis
835 570 866 628 et
887 584 968 630 voce
991 565 1136 650 increpet
1157 565 1251 632 acri?

309 674 417 744 ‘aufer
438 677 556 742 abhinc
578 677 747 756 lacrimas,
764 678 908 764 balatro,
926 684 957 744 et
980 699 1147 764 compesce
1170 680 1350 763 querellas.

226 807 288 864 ’999
314 793 421 859 omnia
442 793 625 877 perfunctus
647 791 725 856 vitai
747 793 891 879 praemia
912 813 1058 860 marces:

314 909 371 975 sed
395 908 472 990 quia
494 927 620 991 semper
640 926 718 977 aves
740 906 825 988 quod
848 908 958 986 abest,
974 908 1156 992 praesentia
1177 910 1312 994 temnis,

314 1022 491 1107 inperfecta
513 1022 570 1086 tibi
594 1023 738 1107 elapsast
758 1021 949 1104 ingrataque
972 1023 1056 1107 vita,

313 1146 344 1204 et
364 1158 424 1204 nec
446 1137 588 1221 opinanti
611 1157 697 1202 mors
719 1135 762 1200 ad
785 1143 881 1219 caput
902 1136 1022 1202 adstitit
1043 1144 1116 1202 ante

238 1273 288 1321 999
314 1274 408 1335 quarn
432 1257 519 1318 satur
541 1271 580 1316 ac
601 1252 716 1335 plenus
738 1252 844 1336 possis
867 1251 1032 1318 discedere
1054 1273 1180 1318 rerum.

312 1389 397 1433 nunc
419 1366 525 1432 aliena
546 1371 603 1430 tua
624 1372 731 1432 tamen
753 1372 860 1432 aetate
884 1367 992 1432 omnia
1015 1367 1124 1452 mitte,

312 1503 415 1564 aequo
438 1482 629 1562 animoque,
645 1501 707 1563 age
729 1481 825 1560 dunr,
842 1480 947 1564 dignis
971 1483 1112 1548 concede
1127 1507 1134 1546 :
1150 1489 1313 1548 necessest
1324 1478 1341 1546 ,³

313 1598 401 1681 iure,
417 1602 451 1660 ut
474 1596 607 1680 opinor,
624 1601 719 1679 agat,
735 1596 804 1660 iure
826 1596 967 1680 increpet
988 1596 1181 1678 inciletque:

312 1711 396 1795 cedit
418 1711 503 1775 enirn
525 1729 628 1774 rerum
651 1709 791 1775 novitate
814 1716 943 1775 extrusa
964 1717 1107 1776 vetustas

237 1846 286 1892 999
312 1844 456 1909 semper,
474 1830 506 1889 et
529 1844 568 1890 ex
592 1823 665 1888 aliis
689 1824 776 1888 aliud
799 1843 952 1908 reparare
974 1833 1156 1891 necessest.

311 1959 371 2004 neo
394 1942 561 2021 quisquam
584 1939 617 2001 in
639 1937 822 2003 barathrum
846 1959 904 2005 nee
926 1942 1060 2004 Tartara
1082 1942 1212 2006 deditur
1235 1947 1325 2006 atra:

312 2053 460 2119 materies
483 2073 563 2138 opus
587 2059 654 2138 est,
671 2059 705 2117 ut
728 2060 871 2119 crescant
893 2061 1023 2138 postera
1046 2057 1173 2122 saecla:

312 2189 396 2252 quae
418 2176 522 2234 tamen
546 2168 652 2232 omnia
674 2173 706 2233 te
728 2169 793 2232 vita
815 2170 982 2254 perfuncta
1005 2177 1199 2252 sequentur:

310 2305 370 2350 nec
392 2285 497 2349 minus
519 2305 595 2366 ergo
617 2289 691 2350 ante
714 2283 793 2348 haec
816 2305 911 2366 quam
935 2291 969 2350 tu
991 2285 1156 2365 cecidere,
1173 2287 1376 2368 cadentque.

236 2419 286 2467 aro
312 2400 357 2464 sic
380 2399 446 2464 alid
470 2419 511 2464 ex
533 2399 597 2462 alio
620 2418 794 2480 numquam
817 2397 950 2464 desistet
973 2400 1068 2477 oriri,

309 2515 440 2597 vitaque
462 2512 621 2596 mancipio
644 2512 723 2576 nulli
746 2511 860 2590 datur,
877 2513 1024 2578 omnihus
1045 2534 1127 2578 usu.

311 2631 433 2713 respice
455 2628 533 2693 item
556 2647 648 2709 quarn
674 2627 718 2691 nil
742 2627 784 2692 ad
805 2647 864 2691 nos
888 2634 961 2693 ante
983 2635 1054 2692 acta
1075 2635 1218 2694 vetustas

311 2743 464 2828 temporis
485 2743 607 2808 aeterni
630 2741 746 2821 fuerit,
764 2762 859 2824 quarn
883 2744 1042 2806 nascimur
1064 2751 1159 2809 ante.

311 2859 371 2922 hoo
394 2858 491 2939 igitur
514 2856 677 2940 speculum
699 2857 793 2922 nobis
816 2861 928 2920 natura
951 2856 1047 2920 futuri

235 2993 285 3040 era
309 2971 461 3055 temporis
485 2971 613 3054 exponit
635 2976 863 3054 postmortem
886 2970 1023 3053 denique
1046 2979 1207 3038 nostranr.

310 3084 464 3167 numquid
486 3085 531 3148 ibi
554 3085 703 3150 horribile
726 3093 880 3172 apparet,
898 3109 973 3152 nurn
995 3089 1084 3154 triste
1106 3089 1230 3154 videtur

312 3201 481 3283 quicquam
496 3249 503 3283 ‚
520 3221 583 3263 non
607 3201 691 3264 omni
715 3221 826 3268 somno
850 3204 993 3268 securius
1016 3206 1148 3269 exstat?

352 3318 456 3397 Atque
480 3333 540 3392 ea,
556 3315 589 3378 ni
611 3315 745 3398 mirum,
763 3335 845 3396 quae
868 3338 1002 3399 eumque
1025 3319 1203 3383 Acherunte
1226 3319 1385 3404 profundo

310 3430 440 3514 prodita
462 3436 535 3492 sunt
558 3448 649 3505 esse,
666 3429 698 3492 in
719 3430 785 3494 vita
808 3437 880 3496 sunt
903 3432 1009 3496 omnia
1031 3433 1145 3498 nobis.

234 3566 284 3614 999
309 3564 368 3609 nec
389 3543 486 3607 miser
507 3543 685 3626 inpendens
706 3563 858 3627 magnum
881 3545 970 3610 timet
992 3554 1066 3611 aere
1090 3568 1200 3612 saxurn

312 3658 486 3741 Tantalus,
503 3664 538 3721 ut
559 3656 696 3740 sanast,
714 3677 807 3722 casse
829 3659 997 3725 formidine
1020 3668 1171 3746 torpens:

239 3805 241 3809 v
311 3774 369 3839 sed
390 3772 495 3856 magis
516 3772 549 3834 in
573 3772 637 3834 vita
660 3770 765 3836 divom
788 3779 891 3839 nretus
913 3781 1005 3856 urget
1027 3776 1130 3841 inanis

306 3874 474 3968 mortalisJ
487 3905 661 3968 casumque
684 3886 796 3952 tinient
819 3907 915 3969 quern
938 3890 1053 3972 cuique
1076 3887 1160 3954 terat
1182 3888 1269 3954 fors.

309 4021 367 4067 neo
390 4003 506 4088 Tityon
529 4003 673 4068 volucres
694 4001 806 4068 ineunt
827 4002 1008 4069 Acherunte
1031 4005 1208 4084 iacentem,

312 4269 362 4318 954
382 4267 482 4319 baroti-e
503 4267 515 4336 Η
537 4269 748 4334 9581npersecte
769 4269 782 4339 Η
803 4272 853 4321 990
872 4271 968 4322 discere
988 4267 1002 4339 Η
1023 4273 1072 4320 999
1092 4269 1218 4332 agendum
1230 4269 1328 4333 magnis
1349 4269 1360 4340 Η
1382 4272 1434 4320 994

313 4354 376 4408 cedi
398 4352 412 4423 Η
434 4359 483 4405 eto
503 4356 631 4404 baratrum
