3108 5034
644 423 677 489 ll

94 591 226 657 floribus
248 593 430 658 umbrantes
453 594 821 674 matrcmcomitumque
844 598 1009 659 catervas.

93 706 146 770 hio
169 714 293 772 armata
315 727 449 790 manus,
466 707 599 771 Curetas
621 707 749 770 nomine
772 707 849 770 Grai

9 839 69 885 630
97 841 179 901 quos
201 826 378 886 memorant
396 820 576 906 Phrygios,
594 819 675 884 inter
697 839 731 884 66
754 818 836 884 forte
860 818 946 901 quod
969 823 1067 886 armis

94 937 206 1001 ludunt
227 937 261 1001 in
283 953 509 1014 numerumque
532 933 673 998 exultant
695 933 950 1016 sanguinolenti,

94 1049 246 1115 terrificas
269 1051 408 1132 capitum
431 1047 607 1128 quatientes
632 1047 760 1110 nomine
783 1048 917 1133 cristas,

95 1163 247 1228 Dictaeos
269 1161 410 1227 referunt
433 1161 586 1242 Curetas,
605 1161 658 1242 qui
681 1161 764 1225 lovis
787 1160 877 1225 illum

94 1277 234 1360 vagitum
255 1277 288 1340 in
311 1275 404 1340 Creta
428 1276 589 1357 quondam
613 1276 790 1350 occultasse
812 1275 975 1361 feruntur,

8 1408 70 1454 ess
96 1409 167 1454 oum
187 1390 279 1474 pueri
301 1391 418 1454 circum
439 1409 573 1473 puerum
592 1390 721 1474 pernice
744 1388 864 1454 chorea

6 1522 67 1568 637
95 1504 230 1568 armatei
252 1506 285 1567 in
307 1523 471 1568 numerum
493 1504 657 1587 pulsarent
679 1503 807 1568 aeribus
830 1522 927 1579 aera,

91 1637 133 1682 ne
156 1616 314 1682 Saturnus
338 1637 410 1682 eum
432 1619 523 1682 malis
546 1617 712 1682 mandaret
734 1616 869 1701 adeptus

91 1737 320 1813 aeternumque
343 1732 436 1796 daret
458 1731 551 1796 matri
574 1730 632 1795 sub
655 1739 783 1814 pectore
805 1732 940 1797 volnus.

7 1866 65 1912 640
91 1852 263 1928 propteroa
286 1865 434 1929 magnam
458 1846 570 1909 armati
594 1854 726 1910 matrem
749 1846 957 1929 comitantur,

90 1967 147 2022 aut
169 1960 244 2040 quia
266 1959 447 2040 significant
469 1959 576 2024 divam
598 1961 787 2043 praedicere
808 1966 843 2024 ut
864 1962 961 2025 armis

90 2093 132 2138 60
154 2073 266 2138 virtute
287 2073 387 2138 velint
409 2075 543 2156 patriam
566 2074 740 2138 defendere
761 2084 897 2152 terram,

91 2186 316 2269 praesidioque
338 2193 453 2270 parent
475 2186 646 2267 decorique
669 2189 855 2269 parentibus
878 2206 971 2252 6666.

91 2321 175 2382 quae
197 2302 278 2366 bene
301 2308 333 2365 et
355 2300 471 2365 eximie
495 2303 640 2382 quamvis
663 2300 807 2384 disposta
829 2299 991 2383 ferantur,

8 2437 60 2484 646
94 2416 189 2498 longe
212 2420 285 2478 sunt
307 2419 415 2480 tamen
438 2437 458 2480 6
481 2435 556 2479 vera
577 2415 703 2480 ratione
726 2414 876 2497 repulsa.

93 2528 196 2593 omnis
219 2528 303 2593 enirn
326 2549 442 2611 perse
466 2529 573 2594 divom
595 2537 710 2594 natura
734 2528 896 2594 necessest

91 2640 253 2707 inmortali
275 2663 354 2708 aevo
378 2664 500 2708 summa
523 2662 695 2726 cumpace
718 2642 839 2706 fruatur

92 2763 215 2820 semota
237 2757 280 2821 ab
302 2757 419 2822 nostris
441 2759 535 2822 rebus
557 2759 765 2839 seiunctaque
790 2757 909 2837 longe:

93 2889 169 2933 narn
191 2871 315 2954 privata
337 2873 446 2936 dolore
469 2874 554 2936 omni
568 2924 576 2949 ‚
592 2873 716 2957 privata
738 2871 886 2955 periclis,

10 3005 61 3052 660
93 2959 169 3067 ipsa
187 2985 253 3050 suis
276 2986 401 3068 pollens
425 2987 559 3070 opibus,
576 2988 620 3050 nil
643 2987 754 3068 indiga
775 2987 895 3060 nostri,

91 3117 152 3163 nec
174 3099 256 3164 bene
279 3100 459 3182 promeritis
481 3102 602 3184 capitur
624 3119 727 3179 neque
749 3098 888 3180 tangitur
909 3098 977 3161 ira.

91 3221 177 3276 terra
199 3214 327 3294 quidem
349 3235 426 3279 voro
449 3221 537 3278 caret
560 3214 644 3278 omni
667 3223 809 3294 tempore
833 3229 948 3287 sensu,

90 3335 124 3391 et
146 3327 222 3408 quia
245 3328 415 3392 multarum
437 3328 554 3410 potitur
575 3327 751 3411 primordia
770 3345 896 3408 rerum,

89 3442 191 3506 multa
214 3441 316 3507 modis
339 3443 446 3508 multis
469 3444 562 3508 effert
582 3444 615 3506 16
638 3441 757 3505 lumina
780 3441 878 3505 solis.

17 3575 59 3624 106
91 3555 145 3620 hio
167 3556 268 3638 siquis
290 3576 376 3622 mare
399 3557 580 3641 Neptunum
605 3558 818 3637 Cereremque
840 3573 955 3620 vocare

90 3669 254 3735 constituit
275 3669 384 3754 fruges
407 3677 439 3736 et
460 3671 580 3737 Bacchi
601 3673 729 3736 nomine
751 3670 839 3734 abuti

88 3785 211 3849 mavolt
233 3803 328 3866 quam
350 3785 454 3850 laticis
476 3787 638 3870 proprium
661 3785 805 3870 proferro
828 3803 1003 3861 vocamen,

89 3899 305 3964 concedamus
328 3905 360 3962 ut
382 3898 434 3964 hio
454 3905 610 3964 terrarum
634 3899 755 3964 dictitet
777 3899 887 3963 orbem

89 4031 165 4078 6666
188 4011 283 4078 deum
306 4021 458 4095 matrem,
476 4012 551 4076 dum
574 4033 649 4078 vera
670 4032 705 4076 re
725 4018 832 4076 tamon
852 4012 923 4092 ipse

94 4283 147 4330 628
166 4267 283 4330 61116116.
302 4277 316 4347 Η
338 4280 389 4329 660
407 4278 473 4327 forte
491 4285 619 4328 catervas.
641 4275 653 4342 11
674 4277 722 4325 631
742 4273 866 4338 sanguine
884 4271 952 4323 11611.
973 4270 987 4341 Η
1008 4273 1057 4322 662
1075 4272 1180 4322 numine
1199 4272 1212 4342 Η

6 4361 20 4398 ”¹¹
94 4369 344 4428 stemmatum
363 4381 494 4417 numerum
512 4365 613 4429 pernice
626 4363 734 4413 chorea.
756 4360 768 4431 ΙΙ
790 4363 838 4411 out
858 4363 949 4410 Annat
969 4359 981 4430 Η
1003 4362 1052 4410 666
1071 4361 1215 4411 constituet
