3140 5032
296 390 358 456 206
835 385 880 451 VI

295 555 453 638 intellegit
473 555 518 620 ibi
540 555 650 620 vitium
675 577 733 622 vas
756 557 885 624 efficere
906 558 1031 643 ipsum,

297 671 465 753 omniaque
487 670 573 736 illius
595 671 672 738 vitio
696 673 892 757 corrumpier
913 673 1018 767 intus,

297 778 380 869 quac
404 786 531 851 conlata
553 785 653 864 foris,
671 792 702 852 et
723 788 912 865 commoda,
929 807 1064 870 cumque
1086 791 1250 870 venirent;

239 923 271 969 20
295 903 408 984 partim
432 901 519 982 quod
541 900 658 966 fluxum
680 908 909 986 pertusumque
932 923 1004 968 esse
1025 902 1176 988 videbat,

296 1023 331 1080 ut
352 1017 442 1080 nulla
463 1025 574 1100 posset
596 1018 721 1082 ratione
744 1017 902 1102 explerier
922 1037 1096 1100 umquam;

294 1131 409 1216 partim
435 1130 519 1212 quod
539 1138 641 1198 taetro
666 1133 759 1214 quasi
781 1152 993 1216 conspurcare
1017 1153 1133 1217 sapore

297 1246 406 1310 omnia
428 1246 600 1326 cernebat,
618 1267 701 1328 quae
725 1268 858 1330 eumque
881 1255 1065 1334 receperat,
1083 1247 1186 1313 intus.

296 1361 443 1427 veridicis
466 1361 563 1445 igitur
584 1363 731 1447 purgavit
751 1371 883 1447 pectora
907 1363 1018 1449 dietis,

238 1499 270 1545 aa
297 1483 328 1542 et
350 1475 443 1541 finem
468 1479 579 1542 statuit
601 1479 800 1564 cuppedinis
815 1485 912 1563 atque
934 1480 1077 1566 timoris,

296 1591 508 1676 exposuitque
531 1593 648 1659 bonum
672 1615 848 1672 summum,
865 1617 926 1677 quo
950 1595 1109 1661 tendimus
1132 1617 1261 1681 omnes,

297 1707 372 1788 quid
396 1708 496 1783 foret,
512 1714 609 1790 atque
632 1709 717 1773 viam
741 1711 945 1794 monstravit,
961 1710 1088 1775 tramite
1111 1730 1211 1793 parvo

297 1842 362 1903 qua
383 1841 550 1905 possemus
573 1823 615 1886 ad
637 1824 670 1888 id
692 1833 777 1889 recto
801 1826 995 1890 contendere
1018 1846 1130 1908 cursu,

298 1937 415 2018 quidve
437 1938 512 2001 mali
535 1938 618 2003 foret
639 1939 672 2002 in
695 1939 791 2004 rebus
815 1939 992 2004 mortalibu’
1015 1941 1154 2024 passim,

240 2073 273 2119 30
300 2051 386 2133 quod
408 2051 497 2117 lieret
519 2054 656 2118 naturali
679 2055 830 2136 varieque
853 2055 978 2119 volaret

296 2186 352 2232 seu
376 2187 474 2232 causa
498 2188 555 2234 seu
577 2170 630 2246 vi,
647 2169 732 2253 quod
756 2171 801 2235 sio
823 2177 940 2235 natura
963 2175 1127 2254 parasset,

297 2289 329 2347 et
352 2283 467 2364 quibus
490 2303 507 2348 e
530 2285 630 2368 portis
654 2286 775 2350 occurri
798 2286 912 2367 cuique
936 2285 1082 2358 deceret,
1154 2301 1158 2308 ·

298 2404 329 2462 et
351 2418 453 2482 genus
476 2399 650 2464 humanum
672 2400 789 2464 frustra
810 2381 998 2486 plerumque
1020 2399 1167 2482 probavit

297 2514 426 2578 volvere
450 2534 595 2578 curarum
618 2514 717 2580 tristis
738 2516 771 2580 in
793 2523 921 2599 pectore
944 2515 1077 2581 fluctus.

238 2649 270 2696 35
297 2647 370 2692 nam
393 2629 442 2692 vel
465 2629 510 2693 uti
533 2630 623 2712 pueri
646 2631 807 2714 trepidant
830 2636 926 2713 atque
949 2630 1055 2696 omnia
1078 2629 1183 2694 caecis

301 2744 335 2807 iu
357 2745 498 2809 tenebris
520 2750 682 2828 metuunt,
699 2745 745 2809 sic
767 2765 826 2810 nos
850 2746 882 2808 in
905 2745 977 2809 luce
999 2745 1146 2810 timemus

300 2859 382 2923 inter
405 2857 500 2934 dum,
517 2859 581 2923 nilo
607 2879 690 2940 quae
714 2867 786 2923 sunt
807 2860 980 2924 metuenda
1002 2859 1107 2940 magis
1131 2878 1225 2941 quam

298 2993 381 3055 quae
402 2973 493 3056 pueri
515 2973 547 3036 in
570 2973 710 3038 tenebris
732 2973 877 3057 pavitant
898 2973 1084 3056 finguntque
1107 2972 1238 3038 futura.

297 3089 381 3153 hunc
402 3088 498 3169 igitur
520 3094 673 3152 terrorem
697 3088 793 3152 animi
816 3089 1031 3170 tenebrasque
1054 3095 1219 3154 necessest

238 3224 272 3269 ro
297 3223 362 3266 non
385 3201 468 3266 radii
490 3203 567 3267 solis
590 3221 650 3266 nce
673 3203 780 3266 lucida
802 3203 868 3266 tela
889 3203 952 3269 diei

299 3317 491 3401 discutiant,
508 3317 565 3382 sed
586 3325 721 3382 naturae
744 3318 868 3401 species
892 3318 1057 3399 ratioque.

298 3454 359 3514 quo
383 3432 485 3514 magis
508 3433 669 3516 inceptum
694 3453 823 3516 pergam
847 3437 1016 3516 pertexere
1038 3432 1150 3496 dictis.
1223 3479 1224 3482 ,

337 3549 377 3610 Et
399 3546 668 3635 quoniamldooui
693 3547 801 3611 mundi
824 3545 974 3612 mortalia
994 3546 1115 3629 templa

297 3668 423 3740 esse-et
446 3663 552 3726 nativo
577 3662 751 3727 consistere
775 3681 908 3745 corpore
932 3661 1078 3742 caelum,

239 3799 272 3845 45
301 3785 332 3843 et
356 3777 436 3860 quae
460 3796 595 3859 cumque
618 3777 651 3840 in
674 3796 712 3842 eo
736 3776 815 3841 fiunt
836 3775 959 3840 fateare
983 3782 1146 3840 necessest

297 3893 452 3977 pleraque
476 3891 631 3976 dissolui,
649 3911 732 3973 quae
755 3895 877 3957 restant
898 3891 1028 3974 percipe
1049 3911 1166 3975 porro,

299 4079 500 4086 --—--——

303 4200 332 4246 17
352 4197 391 4246 fas
416 4193 429 4266 ll
455 4199 487 4245 22
507 4208 676 4258 conspargere
697 4190 710 4258 ll
732 4195 764 4242 28
783 4202 852 4244 reeta
872 4191 885 4261 Η
906 4195 939 4243 30
958 4194 1035 4244 fuerit
1055 4193 1066 4260 Η
1088 4195 1119 4242 31
1141 4207 1200 4242 casu
1220 4186 1233 4257 ss
1253 4191 1384 4254 signatura
1404 4191 1418 4261 [1

302 4285 369 4334 33Ε
389 4282 401 4352 Η
423 4285 456 4333 33
475 4290 575 4348 prustra
594 4281 607 4348 Η
628 4283 661 4330 34
675 4281 785 4330 Voluere
807 4282 819 4348 ll
840 4283 873 4330 35
893 4279 986 4330 caelis.
1008 4278 1021 4348 Η
1042 4284 1075 4330 44
1094 4289 1119 4328 st
1137 4280 1276 4329 omissam.
1299 4279 1312 4348 l}
1332 4284 1365 4332 45
1379 4282 1423 4332 fie-

300 4372 373 4434 rique
