3140 5032
295 611 397 692 uitrici
422 613 476 676 vix
501 613 606 682 instar·
631 633 732 689 erunt
755 625 841 689 unius
861 612 1064 692 adaugmen3

219 747 270 794 era
295 745 358 808 quo
381 725 487 792 minus
511 736 561 794 est
584 734 703 798 mirum
729 754 811 798 mare
832 747 893 791 non
915 745 1091 807 augescere
1113 747 1282 808 magnum.

295 846 466 924 praeterea
489 864 642 924 magnam
668 849 717 910 sot
740 851 856 928 partem
880 839 1018 904 detrahit
1040 847 1152 904 aestu.

296 953 415 1039 quippe
436 955 583 1020 ridemus
606 959 691 1020 enim
715 957 812 1022 vestis
834 973 945 1019 umore
968 953 1126 1020 madentis

296 1069 460 1134 exsiccare
483 1071 551 1135 suis
574 1071 675 1136 radiis
698 1070 876 1134 ardentibu’
901 1069 1023 1134 sotem:

296 1193 330 1248 at
354 1183 471 1266 pelage
494 1186 597 1250 multa
619 1191 649 1249 et
671 1186 736 1249 lete
760 1186 922 1249 substrata
944 1185 1110 1249 videmus.

217 1317 270 1362 eso
296 1297 432 1382 proinde
455 1299 529 1364 licet
552 1300 698 1381 quamvis
726 1319 766 1364 ex
789 1320 851 1364 uno
876 1319 1002 1382 quoquc
1025 1299 1097 1378 loco
1122 1300 1170 1364 eol

294 1413 415 1478 auroris
438 1435 570 1499 parvam
592 1414 714 1478 delibet
735 1416 777 1480 ab
801 1435 941 1497 aequore
966 1419 1107 1497 partem:

296 1527 430 1610 largiter
449 1529 482 1593 iu
504 1534 595 1594 tento
617 1529 721 1612 spatio
744 1534 852 1594 tamen
876 1528 1001 1594 auferet
1024 1528 1139 1594 undis.

295 1651 362 1710 taur
385 1665 481 1729 {torro
503 1645 587 1709 venti
612 1663 739 1726 quoque
763 1664 913 1725 magnam
937 1643 1049 1708 tollere
1074 1649 1196 1725 partem

295 1760 415 1824 ruuuris
437 1766 571 1844 possunt
591 1766 757 1825 verrentes
780 1779 942 1841 aequora,
960 1759 1063 1823 ventis

219 1893 273 1940 ers
295 1895 359 1939 unu
382 1881 475 1940 noete
497 1874 565 1939 vias
589 1875 740 1957 quoniam
762 1892 920 1957 persaepe
942 1872 1087 1937 videmus

295 1988 409 2052 siccari
433 1989 603 2071 mollisque
626 1990 685 2052 luti
708 2007 913 2054 concrescere
937 1993 1082 2052 crustas.

296 2107 464 2188 praeterea
488 2103 583 2168 docui
605 2104 736 2168 multum
760 2122 886 2184 quoque
909 2101 1020 2167 tollere
1043 2102 1144 2166 nubes

294 2235 436 2282 umorem
460 2239 577 2299 magno
601 2223 788 2302 conceptum
811 2227 855 2282 ex'
874 2232 1016 2297 aequore
1039 2216 1149 2299 ponti,

294 2337 326 2396 et
348 2333 467 2415 passim
490 2338 556 2396 toto
579 2339 735 2397 terrarum
758 2351 911 2416 spargere
934 2331 966 2394 in
990 2331 1079 2414 orbi,

216 2463 268 2512 eso
297 2467 368 2510 curu
392 2446 473 2530 pluit
494 2448 526 2511 in
548 2449 641 2512 terris
664 2453 694 2512 et
716 2447 802 2512 venti
825 2447 935 2510 nubila
956 2452 1103 2528 portant.

294 2567 457 2645 postremo
482 2562 633 2643 quoniam
656 2582 730 2626 raro
756 2582 827 2626 cum
851 2580 984 2645 corpore
1007 2560 1102 2625 tellus

293 2681 362 2758 est,
380 2681 412 2740 et
435 2677 651 2762 coniunctast,
669 2697 741 2742 oras
765 2676 864 2741 maris
886 2677 1027 2757 undique
1050 2677 1204 2756 cingens,

295 2789 410 2875 debet,
427 2797 462 2854 ut
483 2791 516 2855 in
539 2811 626 2855 mare
649 2791 689 2856 de
712 2792 804 2856 terris
827 2791 915 2854 venit
937 2811 1028 2853 umor
1050 2791 1165 2872 aquai,

296 2904 330 2970 in
352 2910 455 2970 terras
477 2905 591 2971 itidem
615 2926 743 2971 manare
767 2925 809 2971 ex
831 2925 971 2987 aequore
994 2906 1100 2970 salso:

219 3037 270 3087 aas
295 3021 476 3104 percolatur
499 3021 584 3085 eninr
607 3023 713 3099 virus,
729 3027 878 3103 retroque
901 3025 1048 3086 remanat

296 3135 448 3200 materies
470 3136 589 3200 umoris
613 3143 643 3200 et
666 3135 708 3200 ad
731 3144 826 3220 caput
849 3137 997 3201 amnibus
1019 3134 1123 3198 omnis

295 3249 444 3334 confluit,
461 3250 537 3314 inde
560 3271 656 3336 super
678 3257 782 3316 terras
805 3251 887 3314 redit
909 3249 1038 3332 agmine
1061 3249 1147 3314 dulci

296 3384 360 3446 qua
382 3364 435 3429 via
458 3371 547 3430 secta
569 3367 669 3431 semel
692 3365 815 3447 liquido
838 3365 920 3448 pede
944 3363 1055 3429 detulit
1078 3365 1222 3454 undas]

333 3481 426 3544 Nunc
448 3479 530 3543 ratio
554 3500 636 3561 quae
660 3480 720 3562 sit,
737 3499 796 3562 per
818 3477 930 3542 fauces
954 3479 1069 3544 montis
1092 3485 1126 3543 ut
1148 3483 1271 3548 Aetnae

214 3612 265 3662 640
297 3593 443 3677 expirent
464 3594 556 3677 ignes
579 3595 662 3658 inter
685 3595 760 3656 dum
783 3592 909 3656 turbine
930 3596 1040 3676 tanto,

296 3708 486 3792 expediam:
503 3727 607 3790 neque
631 3707 715 3772 enim
739 3706 890 3771 mediocri
914 3706 1007 3771 clade
1030 3713 1137 3773 coorta

294 3821 443 3887 flammea
464 3830 638 3908 tempestas
662 3821 803 3887 Siculum
826 3823 991 3888 dominata
1014 3845 1071 3908 per
1094 3845 1190 3906 agros

296 3935 437 4004 finitimis
460 3937 502 4003 ad
525 3957 561 4006 se
585 3937 740 4005 convertit
762 3939 910 4023 gentibus
933 3960 1010 4018 ora,

300 4239 349 4288 616
367 4239 405 4288 sol
424 4255 544 4304 magnam
564 4242 577 4307 ΙΙ
598 4245 647 4291 621
668 4243 700 4290 ad
720 4239 734 4308 i}
760 4243 810 4290 624
829 4237 914 4292 venti.
941 4239 954 4308 ii
980 4245 1029 4291 626
1049 4249 1174 4291 crustrcs.
1195 4239 1209 4309 Η
1230 4245 1280 4292 629
1300 4242 1385 4292 orbis.
1407 4241 1420 4308 ΙῙ

301 4327 351 4376 632
373 4327 455 4390 magis
484 4327 497 4395 il
527 4329 577 4377 668
601 4329 660 4378 tulit
688 4325 701 4396 Η
731 4331 780 4378 639
806 4329 893 4379 fauces
923 4326 936 4397 Η
965 4332 1013 4378 641
1038 4330 1123 4380 media
1150 4329 1237 4392 grecia
1266 4330 1297 4378 de
1326 4327 1339 4396 Η
1369 4331 1419 4378 642

301 4414 430 4464 Flammae
