3140 5036
684 373 741 434 IIII

149 546 180 605 et
202 561 264 623 quo
288 529 423 624 eumque
446 542 553 608 oeulos
576 542 758 606 traiecimus
781 542 887 606 omnia
909 541 987 608 ferri

75 674 125 724 410
151 660 183 718 01
203 655 301 719 fluere
324 655 462 720 adsimili
484 655 576 726 nobis
599 657 721 720 ratione
744 656 909 722 videntur.

147 769 287 852 porticus
310 769 440 850 aequali
463 771 607 853 quamvis
630 777 679 836 est
701 771 838 853 denique
864 772 958 837 duotu
1028 794 1030 798 ⁴

150 889 302 967 stansque
325 884 358 948 in
379 891 564 969 perpetuum
588 887 717 970 paribus
740 887 872 952 suffulta
895 887 1070 973 columnis,

148 998 247 1080 longa
269 1005 376 1064 tamen
398 1006 493 1084 parte
512 1002 554 1066 ab
577 1021 700 1066 summa
724 1020 794 1064 eum
816 1006 883 1066 tota
905 1002 1048 1080 videtur,

149 1113 304 1197 paulatim
327 1115 425 1179 trahit
448 1115 574 1198 augusti
596 1113 728 1200 fastigia
751 1115 842 1193 ooni,

73 1246 124 1292 430
149 1232 233 1292 tecta
256 1230 325 1295 solo
347 1230 485 1311 iungens
508 1236 604 1312 atque
628 1229 734 1295 omnia
757 1230 890 1324 dextera
912 1231 1015 1296 laevis

149 1340 253 1407 donee
275 1343 308 1407 in
331 1345 499 1410 obseurum
521 1345 593 1409 eoni
616 1344 768 1429 conduxit
790 1365 942 1409 acumen.

150 1454 183 1519 in
206 1457 326 1539 pelago
349 1459 452 1524 nautis
476 1479 516 1523 ex
539 1459 632 1523 undis
655 1465 741 1522 ortus
765 1458 798 1524 in
820 1459 914 1524 undis

152 1571 199 1633 sol
222 1571 256 1635 fit
278 1572 320 1636 uti
343 1571 487 1638 videatur
510 1573 598 1637 obire
622 1579 652 1635 et
674 1572 810 1638 condere
832 1574 961 1656 iumen3
1079 1652 1083 1658 1

149 1685 266 1770 quippe
289 1687 342 1752 ubi
366 1688 409 1751 nil
432 1687 520 1752 aliud
543 1687 604 1752 nisi
628 1708 743 1769 aquam
767 1688 955 1769 caelumque
977 1694 1123 1771 tuentur3

75 1820 124 1866 435
150 1821 189 1864 ne
214 1801 325 1866 leviter
348 1803 463 1868 eredas
484 1801 676 1868 labefactari
700 1781 840 1884 undique
863 1822 997 1866 sensus.

149 1921 182 1980 at
205 1917 301 1980 maris
322 1916 442 1999 ignaris
465 1917 615 2001 inportu
638 1917 754 1980 clauda
777 1915 925 1982 videntur

149 2030 280 2112 navigia
303 2031 455 2114 aplustris
478 2031 586 2096 fraetis
610 2031 745 2096 obnitier
767 2030 894 2096 undae.

149 2163 225 2208 nam
248 2139 330 2226 quoe
355 2165 487 2226 eumque
511 2166 606 2228 supra
628 2165 732 2210 rorem
755 2144 832 2208 salis
856 2145 940 2208 edita
963 2166 1038 2229 pars
1063 2153 1112 2212 est

149 2277 329 2343 remorum,
345 2266 433 2324 recia
455 2266 523 2338 est,
540 2265 571 2324 et
594 2265 679 2326 reeta
703 2279 838 2342 superne
860 2259 1024 2343 guberna:

78 2392 128 2438 440
154 2393 237 2455 quae
260 2373 406 2440 demersa
428 2375 585 2456 liquorem
608 2375 745 2458 obeunt,
763 2373 900 2439 refraota
922 2375 1070 2440 ridentur

152 2489 258 2552 omnia
282 2489 423 2553 converti
445 2509 632 2570 sursumque
656 2488 771 2572 supina
792 2487 911 2552 reverti

152 2607 183 2665 et
204 2601 323 2666 reflexa
346 2623 446 2686 prope
468 2602 499 2664 in
524 2623 646 2667 summo
669 2603 792 2664 fluitare
815 2601 960 2682 liquore.

153 2735 290 2798 raraque
313 2735 371 2800 per
393 2716 514 2780 eaelum
538 2736 609 2780 eum
631 2716 719 2782 venti
741 2715 851 2779 nubila
872 2719 1000 2798 portant

150 2835 293 2914 tempore
315 2835 489 2910 nocturno,
504 2837 572 2894 tum
594 2829 764 2915 splendida
786 2829 879 2914 signa
900 2827 1049 2894 videntur

79 2962 125 3009 445
151 2943 253 3008 labier
276 2944 445 3010 adversum
466 2945 593 3011 nimbos
616 2953 711 3028 atque
733 2945 780 3009 ire
804 2963 941 3026 superne
1051 3015 1053 3019 ,

150 3058 246 3142 longe
269 3057 366 3122 aliam
389 3058 422 3121 in
444 3065 566 3142 partem
588 3079 627 3123 ao
649 3077 726 3122 vera
747 3058 870 3120 ratione
892 3057 1056 3121 feruntur.

151 3172 233 3236 atsi
256 3172 338 3236 forte
361 3172 452 3236 oeulo
476 3193 589 3237 manus
611 3174 666 3236 uni
689 3169 817 3234 subdita
840 3175 949 3253 supter

151 3285 268 3366 pressit
290 3305 382 3362 eum,
400 3285 538 3366 quodam
562 3305 657 3351 sensu
680 3285 714 3348 fit
735 3284 781 3348 uti
802 3283 971 3348 videantur

151 3397 276 3481 omnia,
294 3417 376 3479 quae
397 3399 534 3484 tuimur,
550 3400 618 3466 fieri
640 3405 705 3464 tum
725 3399 804 3464 bina
826 3398 966 3475 tuendo,

78 3529 127 3577 400
152 3510 228 3574 bina
249 3511 450 3576 lucernarum
471 3512 620 3578 florentia
642 3513 762 3578 lumina
783 3510 939 3594 flammis,

151 3623 290 3705 binaque
312 3645 370 3708 per
392 3631 475 3690 totas
498 3627 590 3692 aedis
610 3629 776 3724 geminare
799 3624 964 3712 00001104,

153 3745 184 3802 01
206 3737 341 3822 duplic-is
365 3739 527 3804 homiuum
549 3741 652 3806 facies
676 3749 707 3806 et
729 3761 864 3825 corpora
886 3741 979 3805 bina.

152 3849 291 3933 denique
313 3872 384 3918 eum
408 3853 495 3918 suavi
519 3855 660 3919 devinxit
681 3856 826 3920 membra
848 3871 965 3937 sopore

152 3985 281 4030 somnus
305 3971 337 4030 01
357 3966 390 4029 in
412 3986 537 4032 summa
559 3987 674 4062 eorpus
696 3966 779 4031 iaeet
801 3986 894 4031 omne
917 3965 1042 4045 quiete,

156 4239 207 4286 429
227 4237 319 4301 cogni.
345 4233 359 4304 Η
384 4238 434 4285 436
453 4236 478 4284 Α
502 4233 515 4303 Η
542 4239 590 4286 437
612 4235 691 4284 foetas
712 4231 725 4302 Η
745 4235 842 4284 undas.
866 4231 880 4303 ΙΙ
905 4233 1073 4294 4401iquore
1102 4230 1115 4300 b
1141 4236 1192 4282 446
1211 4248 1276 4295 aque

160 4325 259 4373 ratione
279 4323 292 4393 Η
313 4326 364 4382 448
382 4331 411 4372 ut
430 4319 443 4391 Η
463 4326 514 4373 453
533 4339 580 4373 sna
597 4324 664 4373 videt
682 4322 765 4370 vinxit

1053 4421 1075 4484 9
