3140 5036
299 395 358 458 142
825 389 882 454 1111

221 580 269 628 888
295 581 447 646 88888888
468 579 605 645 888888,
622 560 695 626 iden
718 561 845 647 fastigia
867 582 964 646 88888

295 697 439 741 surarum
462 696 500 740 ac
521 675 674 740 feminum
694 677 829 760 pedibus
851 677 985 743 fundata
1006 679 1138 764 plicari,

293 791 444 856 bracchia
466 797 531 854 tum
552 809 649 874 88888
671 791 788 857 validis
812 811 851 858 ex
874 800 951 876 apta
974 794 1103 859 lacertis

219 928 269 975 830
295 927 365 972 esse
389 925 566 986 manusque
590 905 682 971 datas
704 913 838 991 utraque
862 929 902 974 ex
925 915 1016 993 parte
1039 908 1218 991 ministras,

294 1029 329 1086 ut
351 1021 456 1086 188888
479 1021 521 1084 ad
543 1020 639 1084 vitam
663 1043 830 1105 possemus
853 1043 938 1104 quae
961 1025 1042 1088 18888
1063 1043 1160 1088 8888.

294 1143 401 1202 888888
424 1135 464 1200 de
487 1155 605 1217 genere
628 1137 688 1201 hcc
711 1137 794 1200 inter
817 1131 902 1218 quae*
921 1158 1053 1220 cumque
1075 1143 1261 1222 888888888,

294 1251 401 1314 emnia
423 1269 575 1333 perversa
598 1252 805 1333 praepestera
829 1257 901 1316 sunt
922 1252 1066 1328 ratione,

294 1365 433 1429 81118188
458 1364 609 1446 quoniam
631 1369 772 1429 natumst
793 1366 825 1429 in
849 1387 981 1450 8888888
1004 1373 1037 1430 88
1059 1366 1103 1430 881
1203 1377 1212 1393 ’

219 1500 268 1546 888
293 1499 481 1562 possemus,
498 1479 553 1543 sed
578 1479 664 1558 qued
686 1486 826 1544 natumst
847 1481 879 1543 id
903 1486 1050 1564 procreat
1070 1500 1182 1544 usum.

293 1613 352 1657 888
374 1593 432 1657 1818
454 1599 528 1656 8888
550 1591 659 1657 videre
683 1595 843 1657 oculorum
867 1595 987 1658 lumina
1009 1601 1138 1670 natum,

295 1727 353 1770 nec
375 1705 467 1770 dietis
491 1727 584 1770 88888
606 1707 695 1790 88188
718 1729 813 1790 quarn
836 1709 946 1790 lingua
970 1715 1122 1792 creatast,

293 1821 350 1885 sed
374 1821 480 1903 potius
502 1821 597 1905 longe
620 1823 749 1903 linguae
773 1823 947 1906 praecessit
969 1823 1058 1903 erige

294 1937 672 2018 se1·1n0nem‚1nutthue
695 1944 822 2002 creatae
845 1943 918 2002 8888
939 1937 1026 2020 88188
1049 1957 1141 2001 88888

220 2070 270 2117 848
297 2069 390 2132 quam
415 2069 514 2114 88888
537 2057 586 2116 888
608 2052 754 2136 auditus,
773 2059 804 2116 et
827 2053 934 2116 emnia
958 2052 1096 2134 denique
1119 2053 1263 2116 membra

295 2171 369 2228 ante
392 2164 501 2243 fuere,
517 2173 552 2229 ut
573 2167 706 2250 opinor,
724 2187 833 2231 eorum
857 2187 951 2248 quam
974 2167 1055 2231 seret
1077 2187 1174 2232 usus:

293 2279 379 2344 haud
402 2280 497 2361 igitur
520 2287 650 2364 potuere
673 2281 782 2346 utendi
805 2301 947 2346 messere
970 2301 1086 2345 causa.

292 2400 325 2456 at
348 2400 457 2460 contra
480 2395 625 2461 conferre
648 2416 745 2460 manu
768 2396 940 2461 certamina
961 2414 1090 2478 pugnae

224 2563 226 2566 .
294 2513 326 2572 et
347 2509 489 2573 lacerare
513 2517 601 2575 88888
624 2510 818 2593 foedareque
842 2511 984 2574 membra
1008 2529 1118 2574 888888

219 2641 268 2688 848
293 2629 365 2688 8888
388 2623 445 2687 fuit
468 2625 564 2689 multe
589 2645 685 2706 quam
708 2625 814 2690 lucida
836 2625 901 2688 tela
923 2623 1088 2699 volarent,
1191 2669 1192 2672 ¹

294 2743 325 2801 88
346 2738 460 2802 volnus
481 2739 582 2804 vitare
605 2741 691 2824 prius
714 2745 829 2802 natura
851 2739 954 2820 coegit

294 2871 388 2932 quarn
412 2851 505 2918 daret
528 2854 685 2919 obiectum
708 2852 830 2936 parmai
854 2853 946 2916 laeva
969 2870 1027 2933 per
1050 2855 1170 2914 artem.

293 2965 433 3041 88111888,
450 2972 481 3030 88
503 2966 622 3032 fessum
646 2987 761 3050 corpus
784 2965 939 3043 mandare
962 2963 1061 3046 quieti

292 3079 572 3162 multo-antiquius
596 3087 645 3147 888
668 3102 761 3163 quam
785 3082 858 3144 lecti
879 3079 991 3145 mollia
1014 3084 1132 3160 strata,

218 3212 268 3259 888
294 3198 325 3256 88
346 3191 459 3258 sedare
481 3193 564 3258 sitim
587 3179 746 3278 88188888
769 3215 865 3278 quam
886 3194 1003 3280 pocula
1026 3199 1156 3258 natum.

292 3306 374 3372 haec
395 3307 493 3389 igitur
515 3315 650 3391 possunt
672 3310 781 3373 utendi
805 3311 932 3394 cognita
955 3329 1053 3373 causa

294 3421 437 3504 credier,
455 3442 494 3486 ex
517 3442 577 3486 usu
600 3441 681 3503 quae
705 3429 777 3488 sunt
800 3426 927 3506 vitaque
950 3425 1098 3507 reperta.

292 3535 348 3598 illa
371 3535 499 3616 quidem
521 3556 663 3601 seorsum
685 3544 759 3601 sunt
780 3538 906 3620 omnia,
924 3553 1005 3616 quae
1027 3532 1115 3617 prius
1137 3517 1226 3616 ipsa'

291 3655 369 3713 nata
392 3649 510 3741 (1881888
534 3669 612 3714 8888
634 3657 708 3734 8888
730 3651 872 3715 notitiam
896 3647 1059 3712 utilitatis.

218 3785 267 3832 888
294 3784 355 3846 quc
379 3783 498 3845 genere
521 3763 687 3848 inprimis
710 3783 823 3830 sensus
846 3769 877 3829 et
899 3761 1041 3826 membra
1063 3760 1228 3838 videmus3

294 3898 393 3960 quare
416 3879 511 3942 etiam
535 3883 633 3960 atque
656 3879 752 3944 etiam
774 3877 886 3962 888881
909 3881 1011 3941 estut
1035 3874 1163 3941 credere
1186 3873 1291 3958 pessis

295 3992 442 4058 utilitatis
465 3994 505 4059 ub
530 3992 669 4058 officium
690 3993 833 4076 88881888
857 3990 958 4057 creari
973 3989 1000 4078 .]

298 4267 347 4313 829
366 4265 479 4314 Bacchis
501 4261 514 4332 11
533 4267 592 4314 830.
604 4280 636 4313 ex
653 4266 794 4316 omissam.
816 4264 830 4335 11
849 4269 899 4314 836
918 4273 994 4314 8888.
1016 4262 1028 4331 Η
1050 4265 1099 4312 843
1119 4275 1235 4310 consenc
1255 4259 1267 4329 11
1289 4266 1337 4312 847
1357 4281 1414 4328 888-

297 4359 350 4399 mat
370 4349 382 4418 ΙΙ
404 4354 454 4400 856
473 4351 549 4414 88881
1156 4351 1160 4359 “
