3108 5034
673 396 716 460 111

56 545 105 630 110
130 585 194 629 non
217 566 280 631 alio
304 571 399 650 pacto
423 586 519 646 quarn
542 566 589 649 si,
606 585 664 649 pes
687 586 759 630 curn
782 564 868 630 dolet
891 567 1000 647 aegri,

129 680 161 743 in
183 682 271 746 nullo
295 687 391 764 caput
413 679 538 744 interea
561 680 602 744 sit
623 679 705 744 forte
729 680 859 744 dolore.

129 801 297 877 praeterea
318 793 409 859 molli
433 814 503 857 curn
526 815 638 860 sornno
662 793 771 858 dedita
793 795 936 857 membra

129 907 329 989 effusumque
351 907 434 972 iacet
456 909 525 973 sine
549 927 645 972 sensu
669 927 784 991 corpus
807 906 999 983 honustum,

129 1028 179 1087 est
200 1021 290 1088 aliud
313 1023 477 1086 tamenin
500 1022 593 1086 nobis
618 1021 704 1104 quod
726 1028 871 1104 ternpore
893 1021 926 1084 in
949 1022 1014 1086 ullo

6 1127 9 1129 ’
54 1155 103 1202 110
129 1136 325 1202 multimodis
348 1137 489 1218 agitatur
512 1141 544 1200 et
567 1136 669 1200 omnis
691 1135 807 1219 accipit
827 1135 861 1199 in
883 1155 917 1200 se

129 1251 269 1315 laetitiae
293 1255 396 1314 motus
420 1255 452 1314 et
474 1270 567 1314 curas
591 1249 697 1314 cordis
720 1250 845 1314 inanis.

131 1385 216 1429 nunc
239 1364 377 1430 animaru
401 1383 528 1446 quoque
550 1364 640 1428 utin
662 1365 814 1428 membris
838 1383 1033 1445 cognoscere
1056 1365 1162 1448 possis

132 1497 224 1561 esse,
240 1499 344 1561 neque
366 1477 535 1543 harmonia
558 1499 672 1562 corpus
696 1479 832 1544 senteirc
855 1479 980 1562 solere,
1063 1541 1065 1546 .

129 1591 287 1676 principio
310 1593 344 1655 fit
367 1593 412 1656 nti
435 1593 576 1658 detracto
601 1611 732 1676 corpore
754 1595 853 1658 multo

53 1725 105 1774 rao
131 1725 228 1789 saepe
250 1711 358 1770 tamen
381 1709 474 1773 nobis
495 1708 528 1772 in
550 1707 700 1773 membris
722 1709 789 1772 vita
811 1715 971 1774 moretur:

131 1826 228 1900 atque
251 1821 363 1886 eadem
385 1842 531 1901 rursum,
548 1843 619 1887 cunr
643 1841 779 1906 corpora
801 1843 905 1906 pauca
927 1823 1042 1888 caloris

103 1935 107 1944 '
132 1933 286 2017 diffugere
308 1933 460 2018 forasque
477 1955 540 2020 per
562 1957 599 2002 00
622 1942 670 2002 001
692 1937 796 2002 editus
819 1945 914 2031 adr,=

132 2047 251 2114 deserit
273 2051 430 2134 externplo
452 2070 551 2116 venas
575 2058 672 2132 atque
695 2072 771 2116 ossa
793 2051 964 2132 relinquit;

131 2181 264 2227 noscere
287 2169 321 2226 ut
341 2162 416 2228 hinc
437 2165 542 2248 possis
565 2185 629 2228 non
652 2183 772 2245 aequas
796 2165 902 2228 omnia
923 2165 1025 2247 partis

54 2296 105 2344 110
133 2295 268 2360 corpora
288 2277 406 2342 habere
428 2295 534 2357 neque
557 2297 597 2340 ex
620 2295 724 2358 aequo
747 2275 861 2341 fulcire
885 2279 1042 2362 salutern,

129 2391 189 2456 sed
210 2391 314 2472 magis
335 2390 436 2467 haec,
451 2390 538 2456 venti
562 2411 643 2472 quae
656 2397 739 2483 sunt
762 2391 924 2473 calidique
946 2392 1075 2476 vaporis

131 2505 276 2583 semina,
294 2525 406 2570 curare
428 2505 462 2568 in
484 2505 634 2570 membris
657 2512 691 2570 ut
712 2506 780 2570 vita
803 2511 959 2568 moretur.

132 2625 182 2683 est
203 2619 299 2702 igitur
321 2619 409 2683 calor
432 2639 471 2683 ac
492 2625 604 2683 ventus
626 2619 732 2684 vitalis
754 2621 787 2682 in
810 2620 881 2702 ipso

133 2753 285 2816 corpore,
303 2732 358 2814 qui
380 2731 473 2798 nobis
495 2732 702 2796 moribundos
726 2731 843 2796 deserit
864 2738 972 2797 artus.

55 2868 106 2914 110
132 2866 196 2928 qua
219 2851 348 2930 propter
370 2845 521 2928 qnoniam
545 2852 593 2910 est
614 2845 714 2910 animi
736 2852 851 2910 natura
874 2853 1000 2930 reperta

131 2966 228 3042 atquc
251 2959 375 3024 animae
398 2960 490 3041 quasi
511 2979 588 3043 pars
611 2959 768 3044 hominis,
785 2960 884 3025 redde
906 2960 1088 3026 harmoniai

131 3093 270 3156 nornen,
287 3072 327 3136 ad
353 3073 522 3154 organicos
545 3074 610 3136 alto
634 3074 776 3138 delatum
798 3073 967 3152 Heliconi3

133 3189 200 3252 sive
223 3186 354 3251 aliunde
376 3186 439 3270 ipsi
461 3207 556 3270 porro
579 3193 707 3252 traxere
731 3192 762 3252 et
784 3187 816 3249 in
839 3187 929 3249 illarn

120 3300 381 3385 transtulerunt,
398 3301 528 3383 proprio
543 3320 636 3394 ,qnae
658 3306 725 3364 turn
747 3321 799 3365 res
821 3302 950 3366 nomine
975 3303 1110 3384 egebat.
1164 3325 1166 3328 ¹
1253 3331 1256 3336 ·

56 3435 106 3481 130
132 3413 288 3495 quidquid
309 3413 346 3482 id,
366 3420 432 3496 001,
450 3415 610 3478 habeant:
628 3420 663 3478 tu
686 3420 794 3480 cetera
816 3415 947 3498 percipe
970 3415 1076 3480 dicta.

127 3613 131 3622 Ι
170 3527 264 3590 Nunc
286 3529 428 3591 animum
451 3534 547 3609 atque
570 3529 708 3592 animam
731 3529 803 3594 dico
827 3529 995 3593 coniuncta
1018 3530 1120 3594 teneri

131 3641 213 3705 inter
235 3660 269 3706 se
292 3647 388 3722 atque
409 3662 505 3708 unam
527 3647 673 3706 naturam
696 3641 853 3706 conficere
874 3663 914 3708 cx
936 3663 991 3722 se,
1011 3649 1013 3656 '

133 3755 190 3820 sed
214 3761 311 3838 capnt
333 3775 404 3822 esse
428 3757 520 3838 quasi
544 3762 576 3820 et
599 3755 755 3820 dominari
776 3755 810 3818 in
833 3777 967 3840 corpore
989 3764 1054 3823 toto

133 3869 320 3952 eonsilium,
338 3869 424 3950 quod
446 3890 506 3934 nos
530 3869 670 3934 animum
694 3875 894 3951 mentemque
914 3889 1086 3934 vocamus.

59 4003 109 4049 140
134 3967 233 4064 idque
255 3982 350 4048 situm
374 3981 480 4048 media
501 3983 633 4064 regione
655 3983 686 4046 in
709 3983 848 4065 pectoris
867 3982 1000 4048 haeret.
1070 3993 1073 4002 “

133 4097 184 4162 hic
207 4097 330 4162 exultat
352 4095 436 4160 enirn
457 4114 558 4178 pavor
581 4116 618 4159 ao
640 4101 763 4172 metus,
779 4096 859 4160 haec
881 4097 951 4160 loca
975 4095 1092 4159 circum

138 4340 187 4388 118
206 4338 309 4388 interire
331 4335 343 4405 Η
366 4339 414 4404 1112
434 4337 488 4385 altu
510 4334 521 4407 11
544 4338 592 4388 135
613 4335 639 4384 id
658 4335 798 4387 omissum.
