3140 5036
717 368 746 432 V

170 543 204 600 at
225 557 347 621 noque,
364 538 409 602 uti
432 537 546 616 dooui,
563 537 667 602 solido
691 557 759 602 oum
784 557 917 621 oorpore
941 536 1049 602 mundi

91 673 144 720 365
170 656 332 737 naturast,
350 653 503 734 quoniam
525 651 731 716 admixtumst
752 652 784 714 in
807 651 903 716 rebus
925 651 1040 736 inane,

170 787 229 830 neo
250 772 358 830 tamen
381 771 430 830 est
452 771 486 828 ut
508 767 625 850 inane,
642 785 748 848 neque
771 770 877 829 autem
900 786 1033 850 oorpora
1056 766 1190 845 desunt,

171 899 210 945 ex
233 879 354 943 infinito
379 897 460 960 quae
481 880 606 964 possint
627 880 706 946 forte
728 885 837 944 ooorta

169 1011 317 1059 corruere
339 991 424 1058 hano
444 1013 548 1058 rerum
570 994 712 1060 violento
735 993 858 1058 turbine
882 1013 1037 1058 summam

169 1113 224 1172 aut
246 1108 341 1188 aliam
365 1108 508 1189 quamvis
531 1108 654 1173 cladem
678 1110 841 1192 inportare
862 1108 995 1193 perioli,

4 1308 6 1311 ι
74 1237 143 1290 ‘aro
172 1241 232 1287 neo
253 1241 349 1306 porro
373 1228 488 1286 natura
509 1222 572 1288 looi
595 1223 795 1306 spatiumque
817 1221 964 1306 profundi

170 1335 295 1414 detioit,
312 1335 462 1420 exspargi
486 1356 547 1418 quo
570 1335 696 1419 possint
717 1335 845 1401 moenia
866 1336 997 1414 mundi,

170 1457 226 1514 ant
247 1449 313 1514 alia
335 1449 448 1532 quavis
470 1456 604 1533 possunt
625 1450 657 1516 vi
679 1451 773 1534 pulsa
796 1450 921 1535 perire.

169 1563 245 1628 haut
267 1563 362 1646 igitur
384 1563 438 1627 leti
461 1564 631 1647 praeolusa
653 1571 701 1629 est
721 1565 820 1630 ianua
844 1565 932 1630 eaelo

170 1697 230 1743 neo
254 1677 314 1743 soli
337 1683 507 1761 terraeque
530 1697 634 1759 noque
657 1679 729 1744 altis
752 1679 902 1761 aequoris
923 1679 1039 1756 undis,

96 1813 147 1861 375
173 1791 231 1858 sed
254 1795 341 1875 patet
362 1791 493 1856 immani
517 1797 549 1856 et
569 1797 659 1856 vasto
683 1799 841 1876 respectat
862 1785 972 1857 hiatu.

171 1926 270 1989 quare
293 1905 389 1970 etiam
412 1906 521 1969 nativa
543 1912 740 1972 necessumst
761 1907 932 1971 ooniiteare

169 2021 249 2084 haeo
272 2019 385 2086 eadem
401 2042 408 2083 ε
426 2039 529 2101 noque
552 2019 656 2097 enim,
673 2020 801 2085 mortali
825 2040 957 2103 oorpore
980 2040 1064 2102 quae
1087 2027 1180 2105 sunt,

170 2155 211 2200 ex
233 2133 354 2198 infinito
377 2133 442 2196 iam
465 2139 607 2217 tempore
630 2133 735 2198 adhue
757 2134 940 2217 potuissent,

170 2247 305 2313 inmensi
328 2245 455 2312 validas
478 2247 549 2312 aevi
572 2254 773 2313 contemnere
794 2249 897 2313 vires.

95 2385 147 2432 aso
214 2362 362 2444 Denique
384 2366 549 2445 tantopere
571 2362 653 2426 inter
676 2381 711 2427 se
734 2383 806 2427 oum
829 2363 968 2427 maxima
989 2362 1099 2426 mundi

169 2481 312 2563 pugnent
332 2475 497 2560 membra,
513 2475 567 2559 pio
590 2495 793 2558 nequaquam
815 2476 939 2541 connita
961 2477 1067 2560 bello,

169 2609 275 2658 nonne
297 2589 387 2654 vides
410 2589 548 2670 aliquam
571 2589 660 2674 longi
684 2590 864 2655 certaminis
887 2590 961 2655 ollis

169 2726 267 2792 posse
291 2705 361 2770 dari
380 2705 495 2788 finem,
511 2704 563 2768 vel
586 2723 656 2768 oum
680 2703 728 2768 sol
751 2710 781 2768 et
804 2725 903 2788 vapor
926 2705 1028 2770 omnis
1115 2699 1117 2703 ’

172 2819 317 2885 omnibus
341 2819 445 2904 epotis
469 2819 632 2884 umoribus
655 2819 905 2903 exsuperarintl
1013 2807 1015 2811 ¹

96 2957 145 3005 385
172 2934 259 3018 quod
281 2933 387 2998 faeere
409 2934 596 3018 intendunt,
613 2954 718 3017 noque
742 2934 846 2999 adhuo
869 2940 986 2999 conata
1006 2937 1192 3019 patrantur:
1263 2923 1266 2928 ’

170 3053 291 3114 tantum
315 3047 522 3132 suppeditant
544 3069 655 3114 amnes
678 3049 825 3129 ultraque
849 3049 1010 3112 minantur

172 3161 281 3230 omnia
304 3161 462 3225 diluviare
486 3182 525 3226 ex
548 3163 612 3227 alto
635 3163 762 3244 gurgite
784 3163 893 3246 ponti,

169 3296 211 3341 ne
235 3275 406 3361 quiquam,
424 3277 573 3358 quoniam
597 3281 762 3343 verrentes
786 3295 925 3358 aequora
946 3277 1031 3342 venti

170 3391 358 3456 deminuunt
381 3389 543 3472 radiisque
565 3398 712 3458 retexens
735 3390 895 3456 aetherius
918 3391 987 3474 sol,

97 3528 147 3574 aoo
173 3511 205 3570 et
227 3505 349 3570 siooare
370 3504 458 3588 prius
480 3506 642 3570 oonfidunt
664 3507 771 3572 omnia
794 3524 891 3589 posse

171 3639 266 3701 quam
288 3619 393 3700 liquor
415 3619 532 3704 insepti
553 3622 656 3704 possit
678 3623 861 3707 contingere
884 3621 999 3686 finem.

170 3738 292 3798 tantum
315 3732 473 3818 spirantes
495 3755 600 3818 aequo
624 3736 797 3801 certamine
819 3735 938 3800 bellum

172 3847 296 3930 magnis
319 3847 402 3913 inter
423 3867 458 3913 se
480 3848 520 3914 de
542 3851 638 3914 rebus
661 3867 792 3914 eernere
815 3852 955 3925 certant,

172 3981 244 4027 oum
266 3962 366 4028 semel
387 3962 510 4026 interea
532 3959 627 4026 fuerit
649 3961 850 4044 superantior
871 3960 957 4042 ignis

174 4240 224 4288 367
250 4248 370 4304 coperta.
399 4235 412 4308 ΙΙ
446 4239 496 4289 375
522 4253 535 4288 e
568 4233 581 4305 Η
613 4237 662 4286 377
691 4240 806 4291 mortalis
839 4237 852 4308 Η
884 4234 933 4284 382
962 4232 1026 4282 olis.
1058 4231 1071 4300 ΙΙ
1103 4235 1153 4284 393
1181 4233 1247 4284 inter
1268 4249 1294 4286 se

174 4342 288 4378 omissa.
