3108 5034
552 1263 601 1345 T.
631 1261 926 1346 LUORETI
957 1260 1113 1345 CARI

376 1499 495 1596 nu
541 1497 864 1596 anuum
908 1487 1284 1602 marsuan

617 1745 759 1808 LIBER
785 1743 1060 1813 SECUNDUSr

272 2215 408 2347 Suave,
432 2265 513 2328 mari
537 2286 652 2348 magne
675 2265 874 2328 turbantibus
898 2285 1040 2345 aequora
1062 2264 1165 2329 ventis
1178 2313 1185 2344 ,

271 2383 398 2441 eterra
420 2399 570 2460 magnum
595 2379 727 2443 alterius
750 2383 895 2461 spectare
918 2379 1082 2459 laborem3
1123 2451 1126 2462 .

271 2512 335 2555 non
359 2493 435 2573 quia
458 2493 566 2557 vexari
590 2498 814 2575 quemquamst
837 2492 977 2556 iucunda
999 2493 1167 2576 voluptas,

270 2605 328 2672 sed
352 2607 467 2688 quibus
489 2608 559 2690 ipse
581 2607 676 2672 malis
700 2627 812 2673 careas
836 2607 911 2688 quia
935 2625 1064 2672 cernere
1088 2626 1186 2685 suave
1209 2613 1277 2672 cst:

231 2743 245 2789 c
272 2742 371 2788 suave
394 2723 491 2786 etiam
514 2723 591 2786 beili
615 2723 788 2786 certamina
810 2741 928 2801 magna
950 2721 1031 2785 tueri

232 2857 246 2903 5
272 2854 329 2920 per
352 2855 484 2919 campos
507 2837 680 2916 instructa,
704 2839 761 2896 tna
784 2833 852 2896 sine
875 2838 967 2917 parte
989 2834 1119 2917 pericli:

233 2970 245 3016 r
273 2949 330 3012 scd
352 2947 398 3011 nil
421 2949 546 3013 dulcius
569 2954 636 3032 est,
660 2948 741 3013 bene
765 2967 862 3030 quam
884 2947 1005 3010 munita
1028 2955 1136 3012 tencre

225 3057 358 3126 “edita
381 3060 526 3126 doctrina
549 3055 737 3148 sapientum
753 3062 872 3147 templa
895 3081 1031 3137 serena,

274 3175 440 3259 despicere
463 3177 549 3242 unde
572 3199 673 3262 queas
695 3179 777 3244 alios
799 3179 983 3262 passimque
1007 3178 1115 3244 videre

216 3312 247 3358 10
273 3309 380 3355 errare
403 3297 500 3372 atque
523 3293 608 3358 viam
630 3294 771 3377 palantis
795 3311 947 3373 quaerere
969 3292 1076 3368 vitae,

272 3408 395 3469 certare
417 3405 566 3490 ingenio,
591 3407 783 3472 contendere
806 3405 992 3488 nobilitate,
1042 3392 1044 3396 ¹

273 3521 384 3582 noctes
407 3522 502 3598 atque
526 3519 594 3583 dies
616 3520 673 3583 niti
695 3524 881 3604 praestante
904 3519 1015 3582 labore

274 3633 315 3697 ad
338 3651 480 3696 summas
503 3651 666 3716 emergere
690 3653 767 3716 opes
790 3651 960 3713 rerumque
983 3633 1098 3716 potiri.
1163 3639 1165 3644 ‘

276 3771 294 3814 0
317 3747 452 3812 miseras
474 3746 638 3811 hominum
660 3754 801 3831 mentes,
826 3768 844 3811 n
868 3751 998 3831 pectora
1020 3749 1138 3812 caeca!

219 3885 250 3932 15
275 3863 425 3946 qualibus
447 3861 480 3926 in
502 3863 643 3926 tenebris
666 3863 749 3927 vitae
773 3861 964 3943 quantisque
986 3862 1114 3945 periclis
1186 3851 1190 3858 ’

274 3976 401 4058 degitur
424 3977 484 4042 hcc
507 3976 578 4042 aevi
601 3976 686 4058 quod
709 3977 894 4057 cumquest!
917 3996 1023 4040 ncnue
1044 3976 1153 4042 videre

274 4092 320 4156 nil
343 4091 433 4157 atiud
456 4093 516 4158 sibi
539 4097 686 4156 naturam
708 4091 847 4170 latrare,
869 4091 932 4156 nisi
954 4096 1007 4174 ut,
1031 4090 1082 4156 cui

277 4338 308 4384 12
327 4337 448 4399 piabere.
470 4333 482 4404 Η
506 4339 536 4387 15
556 4336 674 4401 perietis·
696 4333 709 4405 Η
732 4338 762 4384 17
784 4335 844 4396 qui.
