3140 5032
270 398 335 465 218
810 391 858 458 VI
941 492 944 503 1

199 588 249 636 oro
275 586 336 632 noc
357 565 519 648 mirumst,
535 564 568 628 in
590 585 628 630 eo
651 565 677 630 si
701 572 843 648 tempore
866 565 1003 650 plurima
1023 565 1104 629 fiunt

272 681 404 744 fulmina
425 685 664 763 tempestasque
687 679 787 744 cietur
809 680 937 744 turbida
959 679 1072 762 caelo,

273 795 404 879 ancipiti
429 795 578 876 quoniam
603 794 688 858 bello
711 796 855 859 turbatur
876 796 1053 876 utrimque,

273 909 346 973 hinc
368 908 524 985 flammis,
541 908 630 974 illinc
652 909 776 992 ventis,
792 929 967 992 umoreque
989 911 1109 974 mixto.

312 1023 382 1088 Hoc
406 1029 454 1088 est
475 1021 604 1102 igniferi
628 1030 775 1087 naturam
799 1024 942 1090 fulminis
964 1026 1068 1107 ipsam

200 1157 251 1205 380
275 1138 457 1222 perspicere
481 1143 512 1201 et
535 1138 649 1218 quavi
674 1137 775 1223 faciat¹
791 1157 858 1202 rem
881 1155 1040 1220 quamque
1062 1137 1194 1214 videre,

272 1272 338 1316 non
360 1253 526 1337 Tyrrhena
547 1259 631 1317 retro
654 1253 835 1317 volventem
858 1251 999 1316 carmina
1021 1251 1138 1317 frustra

273 1367 393 1432 indicia
415 1368 561 1432 occultae
585 1366 693 1431 divum
715 1368 899 1452 perquirere
923 1366 1056 1449 mentis,

273 1481 359 1547 unde
381 1483 495 1546 volans
517 1482 601 1565 ignis
624 1483 805 1565 pervenerit
827 1482 936 1546 autin
958 1489 1060 1545 utram
1085 1501 1120 1546 se

272 1597 400 1661 verterit
422 1597 495 1661 hinc
517 1595 652 1680 partim,
671 1617 732 1677 quo
756 1603 850 1680 pacto
875 1617 931 1679 per
953 1597 1026 1660 loca
1049 1603 1162 1680 saepta
1243 1613 1246 1618 “

198 1731 248 1778 385
273 1711 459 1786 insinuarit,
475 1717 507 1775 et
529 1712 602 1775 hinc
625 1711 805 1778 dominatus
827 1717 862 1776 ut
884 1711 1032 1776 extulerit
1054 1731 1111 1788 se,

274 1826 390 1906 quidve
413 1845 529 1889 nocere
552 1831 650 1906 queat
672 1826 712 1889 de
735 1827 825 1890 caelo
848 1825 991 1890 fulminis
1013 1827 1114 1890 ictus.

275 1940 357 2021 quod
382 1941 408 2005 si
430 1940 575 2024 Iuppiter
598 1946 695 2022 atquc
718 1941 775 2004 alii
798 1941 955 2022 fulgentia
977 1940 1042 2004 divi

274 2053 410 2119 terrifico
434 2055 580 2136 quatiunt
603 2055 709 2119 sonitu
731 2057 884 2121 caelestia
905 2055 1026 2140 templa

274 2177 306 2234 et
326 2169 445 2233 iaciunt
467 2170 572 2252 ignem
597 2191 660 2252 quo
684 2171 828 2252 cuiquest
852 2189 985 2250 cumque
1009 2170 1176 2253 voluptas,

198 2305 248 2352 sao
274 2305 329 2350 cur
352 2286 467 2366 quibus
488 2285 650 2349 incautum
673 2286 779 2351 scelus
801 2285 979 2349 aversabile
1002 2289 1171 2366 cumquest

273 2419 337 2462 non
359 2398 477 2463 faciunt
498 2400 553 2464 icti
574 2399 719 2464 flammas
741 2407 776 2463 ut
797 2400 934 2480 fulguris
957 2399 1067 2463 halent
1095 2407 1098 2412 '

272 2521 401 2598 pectore
424 2513 566 2598 perfixa,
582 2504 740 2580 documen
764 2514 951 2580 mortalibus
974 2533 1069 2598 acre,

274 2635 306 2692 et
327 2628 433 2711 potius
454 2629 544 2692 nulla
567 2629 627 2694 sibi
652 2630 735 2714 turpi
759 2629 905 2694 conscius
927 2630 961 2692 in
983 2609 1018 2693 re

274 2744 409 2809 volvitur
432 2745 465 2807 in
487 2743 625 2809 flammis
647 2745 796 2809 innoxius
818 2745 915 2825 inquo
937 2745 1064 2828 peditur

199 2879 249 2927 395
275 2860 402 2923 turbine
425 2860 555 2923 caelesti
578 2860 682 2924 subito
706 2866 870 2943 correptus
893 2867 924 2922 et
945 2859 1040 2942 igni?

275 2996 330 3040 cru
353 2975 447 3040 etiam
471 2974 545 3040 loca
568 2975 636 3040 sola
658 2980 771 3060 petunt
792 2973 974 3056 frustraque
996 2973 1172 3039 laborant?

275 3111 316 3155 an
339 3098 404 3154 tum
426 3090 577 3154 bracchia
601 3097 814 3156 consuescunt
835 3089 1027 3172 firmantque
1049 3089 1213 3155 lacertos?

272 3205 306 3268 in
329 3211 475 3286 terraque
498 3205 600 3289 patris
623 3225 678 3269 cur
698 3205 797 3269 telum
820 3205 1041 3288 perpetiuntur

275 3319 436 3404 optundi?
452 3340 506 3383 cur
528 3322 598 3402 ipse
621 3319 714 3403 sinit,
732 3339 835 3402 neque
858 3321 962 3405 parcit
983 3321 1015 3384 in
1039 3319 1166 3385 hostis?

199 3456 250 3503 too
275 3435 412 3518 denique
436 3456 491 3500 cur
511 3455 685 3516 numquam
708 3435 800 3499 caelo
823 3435 899 3499 iacit
921 3435 1062 3516 undique
1085 3453 1165 3517 puro

273 3549 415 3632 Iuppiter
437 3551 469 3613 in
492 3555 596 3614 terras
619 3549 739 3612 fulmen
764 3549 951 3630 sonitusque
974 3548 1168 3631 profundit?

274 3685 317 3729 an
339 3665 432 3728 simul
456 3683 495 3728 ac
518 3663 619 3727 nubes
642 3681 845 3738 successere,
861 3663 931 3746 ipse
953 3664 986 3725 in
1010 3681 1065 3726 eas
1087 3667 1154 3726 tum

273 3778 458 3863 descendit,
475 3797 574 3862 prope
596 3784 630 3842 ut
651 3776 725 3843 hinc
746 3779 802 3842 teli
825 3777 1015 3842 determinet
1035 3777 1145 3842 ictus?

275 3896 309 3960 in
331 3915 420 3962 mare
444 3915 506 3979 quo
529 3915 625 3980 porro
649 3892 741 3958 mittit
763 3894 914 3959 ratione?
931 3892 1006 3976 quid
1028 3891 1133 3956 undas

275 4080 477 4089 ——.—

278 4203 328 4251 375
348 4216 392 4250 eos
410 4209 523 4264 tempore
548 4196 560 4267 ll
585 4202 635 4250 376
656 4200 695 4249 cie
715 4197 728 4266 Η
749 4201 798 4248 377
819 4199 896 4250 bellio
923 4195 936 4266 ΙΙ
961 4201 1011 4248 382
1030 4199 1126 4248 menti.
1146 4193 1159 4261 Η
1180 4196 1230 4245 383
1249 4201 1363 4242 utrame.
1392 4191 1407 4259 Η

278 4289 329 4335 384
347 4289 389 4337 hic
409 4286 422 4355 Η
444 4289 494 4337 385
513 4287 631 4336 eatulerit
650 4284 663 4354 ΙΙ
685 4288 734 4334 386
754 4285 873 4336 fulmines
898 4285 910 4351 Η
938 4287 988 4334 389
1007 4301 1057 4348 quo
1077 4287 1178 4348 inquest
1197 4279 1210 4350 ll
1230 4282 1362 4330 voluutas.
1386 4277 1401 4350 Η

278 4377 329 4425 333
348 4376 451 4425 concius
473 4371 486 4442 Η
506 4378 555 4423 401
576 4375 731 4441 Iuppiterras
751 4373 764 4442 ΙΙ
785 4378 835 4424 402
855 4375 882 4422 in
901 4388 943 4423 ces
