3140 5036
703 427 747 492 lll

86 616 136 664 208
162 616 220 662 nec
243 615 357 680 capere
380 597 498 662 irarum
522 596 634 662 fluctus
656 597 689 660 in
712 602 841 680 pectore
862 603 1015 681 possunt:

86 730 135 776 aso
162 731 224 794 quo
247 730 366 792 genere
388 710 554 794 inprimis
576 711 625 776 vis
648 715 697 776 est
717 710 859 776 violenta
881 711 1027 794 leonum,

162 827 293 907 pectora
316 825 369 906 qui
390 824 516 889 fremitu
537 830 685 908 rumpunt
706 826 893 909 plerumque
914 829 1096 906 gementes.

86 957 136 1004 000
163 943 198 1002 at
219 943 354 1003 ventosa
375 939 479 1021 magis
502 959 665 1003 cervorum
687 934 808 1020 frigida
829 957 919 1003 mens
941 944 989 1002 est

85 1072 136 1120 300
162 1057 194 1116 et
215 1052 342 1133 gelidas
365 1053 455 1118 citius
476 1073 534 1137 per
556 1053 681 1120 viscera
704 1053 843 1120 concitat
862 1071 976 1135 auras,

162 1183 245 1244 quae
267 1167 432 1231 tremulum
455 1167 577 1232 iaciunt
599 1167 748 1232 membris
771 1167 908 1232 existere
932 1172 1071 1232 motum.

161 1283 194 1341 at
216 1285 328 1344 natura
350 1282 446 1346 boum
467 1280 595 1365 placido
618 1281 721 1362 magis
744 1289 817 1346 ae're
838 1281 934 1364 vivit,

162 1409 222 1456 000
245 1385 338 1460 nimis
360 1396 419 1459 irai
443 1394 499 1460 fax
522 1415 670 1476 umquam
693 1395 822 1460 subdita
843 1395 943 1479 percit

160 1505 300 1584 fumida,
317 1507 502 1574 suffundens
525 1528 640 1574 caecae
663 1509 810 1590 caliginis
832 1510 964 1592 umbre,

85 1639 136 1686 305
164 1640 222 1685 nco
243 1620 358 1702 gelidis
380 1627 485 1706 torpet
507 1623 580 1688 telis
601 1621 727 1706 perfixa
748 1623 899 1706 pavoris,

161 1732 378 1816 interutrasque
400 1755 492 1802 secus
514 1755 626 1802 cervos
648 1757 826 1818 saevosque
846 1738 976 1802 leones.

162 1847 208 1912 sic
230 1847 393 1913 hominum
416 1870 516 1932 genus
539 1857 607 1916 est.
625 1851 768 1932 quamvis
790 1851 934 1916 doctrina
956 1851 1074 1935 politos

162 1963 333 2026 constituat
354 1963 475 2045 pariter
499 1965 674 2048 quosdam,
691 1971 799 2030 tamen
821 1965 878 2029 illa
900 1965 1049 2047 relinquit

160 2082 295 2142 naturae
318 2077 469 2157 cuiusque
493 2078 589 2141 animi
611 2079 747 2158 vestigia
769 2079 894 2162 prima.
966 2137 969 2142 .

84 2212 135 2258 uro
162 2210 223 2256 nec
245 2190 396 2255 radicitus
419 2185 512 2255 evelli
535 2191 623 2256 mala
645 2211 740 2274 posse
762 2191 988 2274 putandumst,

162 2304 238 2386 quin
260 2305 430 2387 proclivius
452 2303 504 2370 hic
526 2305 591 2370 iras
613 2304 759 2369 decurrat
780 2305 822 2369 ad
845 2305 948 2388 acris,

160 2419 214 2482 ille
236 2423 322 2482 metu
346 2417 436 2482 citius
458 2419 555 2501 paulo
579 2425 767 2503 temptetur,
786 2425 820 2483 at
841 2419 895 2484 ille

159 2532 270 2598 tertius
293 2533 430 2616 accipiat
453 2533 609 2614 quaedam
633 2531 817 2598 clementius
840 2553 965 2614 aequo.

161 2648 257 2730 inque
281 2647 354 2711 aliis
377 2648 472 2712 rebus
495 2646 600 2711 multis
624 2646 750 2710 differre
774 2653 937 2712 necessest

83 2783 134 2830 315
160 2769 293 2826 naturas
316 2759 477 2826 hominum
500 2762 608 2826 varias
632 2779 802 2848 moresque
825 2760 993 2842 sequacis;

160 2896 293 2957 quorum
316 2895 376 2958 ogo
398 2895 482 2940 nuno
504 2895 628 2956 nequeo
651 2895 765 2940 caecas
788 2894 950 2958 exponere
973 2893 1109 2952 causas,
1151 2881 1155 2909 ³

160 3010 220 3056 neo
243 2990 383 3073 reperire
407 2990 576 3072 figurarum
599 2996 645 3056 tot
667 2991 796 3056 nomina
819 2995 896 3070 quot
918 2995 990 3053 sunt

159 3103 341 3188 principiis,
357 3103 444 3168 unde
466 3103 546 3168 haee
569 3106 667 3170 oritur
689 3105 849 3170 variantia
871 3121 996 3166 rerum.

160 3217 239 3281 illud
261 3217 294 3280 in
317 3217 367 3280 his
389 3217 485 3282 rebus
507 3218 616 3282 videor
638 3217 765 3282 firmare
787 3225 938 3302 potesse,

82 3354 133 3401 eno
158 3330 363 3412 usqueadeo
387 3337 567 3395 naturarum
591 3330 728 3414 vestigia
750 3333 849 3414 linqui

157 3445 311 3529 parvola,
330 3419 412 3526 quac
434 3452 575 3526 nequeat
597 3445 679 3510 ratio
704 3445 865 3528 depellere
887 3446 1000 3530 nobis,

158 3565 192 3622 ut
214 3558 260 3622 nil
283 3559 427 3642 inpediat
450 3559 578 3643 dignam
602 3559 651 3626 dis
675 3561 793 3642 degere
816 3561 933 3624 vitam.

197 3672 287 3738 Haeo
309 3673 404 3754 igitur
427 3679 542 3738 natura
563 3681 686 3740 tenetur
709 3692 843 3757 corporo
867 3675 908 3738 ab
933 3674 1039 3752 omui,

157 3787 293 3876 ipsaque
316 3787 458 3871 corporis
481 3795 530 3854 est
552 3795 658 3854 eustos
680 3793 712 3854 et
733 3807 830 3852 causa
853 3787 983 3852 salutis:

82 3923 133 3970 325
159 3921 235 3965 nam
258 3899 476 3966 communibus
497 3902 579 3966 inter
601 3921 637 3966 se
659 3902 821 3966 radicibus
843 3899 995 3984 haerent,

157 4035 216 4080 nec
239 4015 308 4079 sine
330 4013 473 4098 pernicie
496 4014 604 4079 divelli
625 4033 721 4097 posse
744 4013 910 4077 videntur.

157 4190 359 4198 -u-—--—·——-

144 4265 212 4340 Ι303
231 4289 315 4339 minue
334 4286 347 4357 ΙΙ
369 4291 419 4339 304
438 4287 557 4336 Fumidas
576 4287 706 4336 effundens
726 4283 739 4353 ll
760 4288 810 4336 305
829 4285 947 4349 vaporis.
969 4281 982 4353 ΙΙ
1007 4287 1056 4334 306
1076 4285 1144 4334 Inter
1163 4291 1282 4346 utrasque

159 4376 221 4426 sitas
241 4372 255 4444 Η
277 4378 326 4426 300
346 4376 443 4424 Natura
462 4372 476 4441 Ι)
497 4376 546 4424 319
566 4373 639 4424 video
659 4374 768 4424 formare
789 4370 802 4441 Η
823 4376 871 4422 321
892 4372 997 4435 niquect
1016 4369 1029 4440 Η
1049 4371 1146 4422 noctis.
