3140 5032
711 355 756 420 VI

168 525 331 590 constituit
352 532 468 592 natura
488 527 618 592 minutis
640 525 876 609 mobilibusque
981 609 985 614 Α

169 642 378 726 corporibus,
396 643 445 708 cui
468 641 514 706 nil
537 641 665 706 omnino
689 641 843 706 obsistere
865 643 987 726 possit.

88 775 143 822 222
168 757 282 832 transit
304 757 389 822 enim
409 756 552 822 validum
575 755 695 821 fulmen
717 775 775 840 per
796 776 898 841 sara,
913 775 972 840 per
994 777 1094 823 aera.

89 891 143 939 220
168 876 200 936 21
221 871 377 954 liquidum
399 866 519 955 puncto
542 869 619 936 lacit
640 887 703 935 aes*
718 871 752 934 in
774 875 916 954 tempore
939 878 971 937 et
993 892 1127 958 aurum,

167 993 258 1051 curat
280 987 345 1052 utei
367 986 456 1052 vasis
479 985 611 1067 integris
633 985 709 1050 vina
731 990 864 1069 repente

167 1101 357 1185 diffugiant,
374 1101 471 1184 quia,
488 1100 521 1164 ni
542 1101 676 1176 mirum,
693 1098 788 1164 facile
811 1101 919 1164 omnia
942 1101 1060 1166 circum

167 1217 317 1282 conlaxat
338 1234 475 1298 rareque
497 1213 573 1280 facit
595 1214 785 1280 lateramina
807 1215 893 1280 vasis

168 1329 342 1395 adveniens
366 1330 456 1394 calor
479 1330 567 1413 eius,
584 1336 615 1392 et
636 1329 814 1394 insinuatus
837 1329 869 1392 in
893 1328 999 1414 ipsum

90 1464 143 1512 220
168 1443 329 1509 mobiliter
350 1443 484 1509 soluens
505 1442 610 1508 differt
631 1441 808 1527 primordia
829 1443 913 1507 vini.

169 1558 254 1640 quod
276 1557 354 1622 solis
376 1577 478 1642 vapor
501 1563 635 1622 aetatem
659 1576 724 1620 non
747 1576 843 1640 posse
865 1557 992 1622 videtur

169 1659 296 1738 efficere
318 1691 419 1754 usque
443 1669 524 1736 adeo
547 1670 674 1754 pollens
697 1668 823 1736 fervore
846 1690 1002 1737 corusco.

166 1793 253 1852 tanto
277 1785 426 1852 mobilior
450 1785 498 1850 vis
521 1792 552 1849 et
574 1784 791 1850 dominantior
813 1785 892 1851 baec
916 1793 983 1852 est.

204 1903 296 1967 Nunc
319 1920 359 1966 ea
381 1921 444 1982 quo
467 1906 563 1984 pacto
585 1900 758 1984 gignantur
781 1907 811 1965 et
832 1901 949 1986 impete
972 1908 1062 1968 tanto

88 2038 140 2085 240
165 2015 245 2081 fiant
266 2021 300 2079 ut
321 2015 447 2099 possint
468 2015 535 2080 ictu
557 2015 737 2080 discludere
759 2015 872 2094 turris,

165 2129 346 2196 disturbare
370 2130 502 2214 domos,
520 2129 660 2195 avellere
682 2129 772 2212 tigna
796 2131 988 2212 trabesque,

167 2251 199 2310 et
219 2245 363 2310 lamenta
385 2244 488 2310 virum
513 2243 689 2310 commoliri
712 2249 808 2325 atque
831 2244 935 2330 ciere,

167 2361 351 2428 exanimare
374 2359 540 2444 homines,
556 2357 698 2444 pecudes
720 2365 925 2444 prosternere
947 2359 1090 2444 passim,

166 2481 274 2541 cetera
295 2476 336 2540 dc
358 2494 477 2557 genere
500 2475 561 2540 boo
584 2475 699 2558 quavi
722 2473 828 2540 lacere
851 2475 958 2540 omnia
980 2475 1124 2560 possint,

89 2611 142 2659 240
169 2589 356 2675 expediam,
374 2609 479 2672 neque
502 2595 533 2654 te
556 2589 588 2654 in
611 2588 777 2674 promissis
799 2590 893 2674 plura
915 2590 1086 2655 morabor.

205 2703 353 2769 Fulmina
374 2705 501 2787 gignier
524 2725 541 2769 2
565 2705 684 2770 crassis
707 2705 835 2786 alteque
857 2705 1066 2789 putandumst

166 2821 304 2887 nubibus
327 2821 499 2886 extructis:
516 2840 591 2885 nam
613 2820 704 2886 caelo
728 2819 817 2884 nulla
840 2839 954 2886 sereno

166 2958 225 3003 neo
247 2937 359 3002 leviter
381 2937 491 3003 densis
512 2936 679 3000 mittuntur
698 2935 837 3000 nubibus
860 2930 1031 3017 umquam.

167 3073 241 3118 nam
265 3050 362 3116 dubio
384 3051 496 3136 procul
520 3051 580 3116 hoo
602 3050 670 3115 fieri
693 3049 866 3114 manifesta
883 3032 983 3114 ¹docet
1004 3067 1076 3132 res,

92 3188 143 3237 200
168 3167 253 3251 quod
276 3172 342 3230 tum
365 3185 423 3251 per
445 3171 544 3230 totum
568 3170 775 3231 concrescunt
797 3171 872 3230 2120
893 3164 1014 3246 nubes,

166 3282 308 3364 undique
330 3283 375 3346 uti
397 3281 548 3347 tenebras
571 3280 675 3344 omnis
698 3278 881 3345 Acherunta
902 3297 1029 3343 reamur

167 3395 301 3478 liquisse
325 3401 358 3460 et
379 3416 514 3477 magnas
537 3395 616 3460 caeli
639 3394 818 3478 complesse
842 3412 1016 3458 cavernas.

167 3531 268 3594 usque
292 3511 373 3576 adeo
396 3516 479 3576 tetra
502 3511 679 3574 nimborum
704 3515 796 3574 nocte
820 3514 929 3574 coorta

166 3626 342 3711 inpendent
365 3631 454 3692 atrae
476 3625 654 3692 formidinis
678 3645 736 3692 022
758 3643 915 3709 superne,

94 3763 143 3812 212
169 3762 240 3808 cum
262 3741 437 3808 commoliri
459 3748 634 3828 tempestas
656 3741 789 3807 fulmina
812 3744 960 3825 coeptat.

173 4080 225 4128 226
242 4076 437 4138 montibusque.
459 4072 472 4144 Η
494 4075 543 4124 228
562 4088 607 4136 per
624 4078 696 4135 septa
714 4071 863 4119 domorum.
885 4066 899 4138 11
919 4069 969 4117 229
989 4065 1093 4118 Clamor
1116 4071 1145 4113 ut
1166 4079 1196 4114 ac
1220 4077 1295 4113 voces

172 4166 263 4218 transit
280 4179 325 4229 per
341 4179 414 4214 sasoa
431 4178 476 4226 per
494 4176 569 4210 aera.
595 4158 607 4226 Η
633 4161 682 4208 231
703 4159 764 4208 itam
788 4153 801 4224 ΙΙ
826 4159 878 4206 234
896 4164 925 4205 ut
949 4155 961 4222 ΙΙ
989 4155 1037 4203 237
1058 4152 1147 4202 tullens
1165 4150 1261 4200 fervere
1281 4149 1293 4215 Η

174 4255 222 4302 241
242 4253 305 4318 igno
324 4249 337 4320 Ι]
358 4253 408 4301 242
421 4249 580 4300 monimenta
599 4242 612 4316 ΙΙ
633 4247 683 4297 245
696 4252 722 4297 te
734 4245 873 4296 omissum.
895 4239 908 4314 11
929 4243 979 4292 246
992 4240 1065 4308 gigni
1077 4255 1091 4289 e
1103 4238 1190 4289 classis
1210 4235 1223 4308 11
1245 4238 1296 4290 250

174 4347 234 4391 tune
