3140 5036
297 400 358 466 180
839 394 866 458 V

294 565 346 647 qui
368 565 487 629 faciunt
509 565 607 632 solem
631 571 716 629 certa
739 563 912 643 desurgere
934 551 1028 646 parte

291 687 462 764 propterea
484 681 518 744 fit
539 679 585 744 uti
608 679 776 744 videantur
799 678 906 744 dicere
930 696 1059 743 verum.

218 815 267 862 700
334 795 425 860 Luna
446 800 552 878 potest
574 794 651 859 solis
673 793 773 858 radiis
795 813 947 877 percussa
969 792 1090 874 nitere,

292 910 388 991 inque
411 909 480 973 dies
503 909 606 990 magis
627 908 662 972 id
684 909 790 972 lumen
813 914 997 972 convertere
1020 907 1115 972 nobis

293 1023 336 1088 ad
359 1023 518 1107 speciem,
536 1029 689 1104 quantum
712 1021 789 1087 solis
811 1021 931 1086 secedit
953 1022 994 1086 ab
1017 1022 1106 1096 orbi,

292 1138 430 1219 donique
453 1158 523 1202 eum
547 1144 657 1203 contra
679 1137 774 1220 pleno
797 1137 878 1200 bene
900 1136 1019 1202 lumine
1042 1134 1132 1200 fulsit

293 1257 389 1334 atque
413 1253 519 1316 oriens
543 1253 647 1317 obitus
669 1253 736 1316 eius
759 1271 853 1334 super
875 1250 964 1316 edita
986 1251 1082 1314 vidit:

219 1388 268 1433 vro
291 1367 366 1431 inde
388 1367 565 1432 minutatim
588 1372 672 1432 retro
696 1367 786 1448 quasi
810 1366 946 1430 condere
969 1366 1076 1430 lumen

293 1480 387 1546 debet
408 1483 502 1566 item,
521 1487 638 1563 quanto
661 1483 791 1566 propius
815 1481 878 1544 iam
902 1481 978 1544 solis
1000 1479 1043 1544 ad
1069 1481 1176 1563 ignem

291 1595 408 1660 labitur
431 1615 471 1661 ex
493 1597 559 1659 alia
581 1597 743 1678 signorum
764 1601 855 1679 parte
878 1617 937 1680 per
959 1596 1088 1678 orbem3

290 1716 323 1772 ut
344 1709 483 1794 faciunt,
500 1711 610 1774 lunam
631 1711 683 1792 qui
705 1711 826 1793 fingunt
849 1730 920 1776 esse
943 1711 1020 1795 pilai

292 1825 488 1889 consimilem
512 1844 685 1907 cursusque
708 1824 793 1890 viam
818 1826 875 1888 sub
900 1827 969 1890 sole
991 1831 1122 1890 tenere.

218 1959 267 2004 715
293 1945 340 2002 est
363 1939 457 2002 etiam
481 1959 578 2020 quare
600 1935 730 2024 proprio
754 1960 823 2004 cum
847 1940 965 2004 lumine
988 1941 1088 2023 possit

292 2051 414 2118 volvier
437 2058 467 2116 et
489 2054 593 2117 varias
616 2054 797 2138 splendoris
820 2052 953 2119 reddere
977 2054 1118 2120 formas:

291 2187 405 2251 corpus
428 2168 511 2232 enim
534 2168 606 2232 licet
629 2188 701 2234 esse
724 2168 831 2244 aliud,
849 2169 932 2250 quod
959 2169 1058 2234 fertur
1082 2175 1114 2234 et
1136 2189 1202 2234 una

290 2283 407 2346 labitur
430 2281 620 2347 omnimodis
644 2303 816 2348 occursans
840 2283 1067 2365 officientque,

291 2417 350 2462 nec
372 2397 457 2480 potis
480 2402 527 2460 est
550 2397 658 2479 cerni,
676 2397 750 2477 quia
774 2417 900 2461 cassum
923 2397 1042 2461 lumine
1064 2397 1180 2462 fertur.

218 2531 266 2578 mo
291 2511 477 2592 versarique
499 2516 624 2593 potest,
642 2511 756 2591 globus
777 2517 811 2574 ut
833 2507 875 2576 sil
895 2510 977 2575 sorte
1000 2511 1079 2596 pilai

291 2623 423 2689 dimidia
446 2645 485 2689 ex
508 2625 590 2707 parti
614 2625 763 2690 candenti
785 2626 906 2692 lumine
929 2627 1064 2705 tinctus,

292 2740 511 2821 versandoque
534 2740 663 2823 globum
686 2741 839 2805 variantis
863 2742 957 2804 edere
980 2739 1121 2823 formas,

292 2853 430 2935 donique
454 2873 526 2918 eam
549 2861 691 2936 partem,
709 2874 791 2934 quae
815 2874 951 2935 cumque
975 2860 1024 2918 est
1046 2853 1175 2938 ignibus
1198 2861 1312 2937 aucta,

291 2967 332 3032 ad
355 2953 494 3052 speciem
518 2968 610 3032 vertit
632 2967 726 3032 nobis
750 2968 922 3049 oculosque
944 2968 1106 3052 patentis:
1244 2977 1246 2980 ’

133 3141 143 3154 ,
216 3102 265 3148 775
290 3082 365 3146 inde
387 3083 564 3146 minutatim
590 3088 673 3146 retro
697 3089 885 3164 contorquet
908 3089 938 3147 et
960 3082 1060 3148 aufert

289 3194 452 3260 luciferam
476 3202 599 3280 partem
622 3195 861 3279 glomeraminis
884 3204 981 3278 atque
1004 3197 1103 3281 pilai;

291 3316 325 3373 ut
347 3310 546 3394 Babylonica
569 3309 764 3375 Chaldaeum
789 3311 1099 3410 doctrinarefutans

292 3425 525 3506 astrologorum
551 3429 653 3489 artem
676 3432 785 3489 contra
807 3427 993 3491 convincere
1017 3425 1136 3508 tendit,

290 3536 425 3621 proinde
448 3538 541 3618 quasi
563 3538 594 3601 id
618 3539 686 3602 lieri
709 3545 847 3620 nequeat
870 3539 955 3620 quod
979 3544 1104 3622 pugnat
1125 3544 1280 3620 uterque,

216 3672 265 3718 730
290 3658 344 3716 aut
366 3650 469 3716 minus
491 3651 552 3716 hoo
575 3653 629 3717 illo
652 3651 693 3716 sit
716 3673 770 3717 cur
793 3653 978 3736 amplectier
1001 3652 1109 3717 ausis.

289 3765 426 3848 denique
449 3786 503 3830 cur
526 3773 665 3848 nequeat
688 3784 814 3848 semper
835 3785 920 3830 nova
941 3766 1019 3830 luna
1041 3767 1143 3830 creari

290 3879 402 3944 ordine
424 3878 599 3944 formarum
623 3886 709 3945 certo
733 3879 891 3961 certisque
913 3879 1044 3962 figuris,

287 3993 384 4075 inque
407 3994 476 4059 dies
501 3994 611 4077 privos
634 3993 771 4059 aborisci
794 4013 943 4076 quaeque
965 4001 1071 4060 creatu

292 4269 341 4316 700
360 4267 476 4330 perculsa
496 4263 509 4334 Η
530 4269 579 4316 700
599 4268 625 4315 id
639 4268 777 4318 omissum.
798 4265 811 4337 Η
834 4271 883 4318 708
897 4269 995 4317 benene
1015 4267 1028 4335 ll
1051 4270 1098 4314 711
1119 4274 1171 4315 tam
1192 4263 1205 4333 ΙΙ
1228 4269 1277 4315 713
1296 4267 1379 4330 pilae.
1397 4263 1411 4336 ΙΙ

291 4355 340 4400 720
359 4353 380 4402 si
401 4353 414 4420 Η
437 4357 484 4402 727
505 4354 655 4416 babylonisa
678 4352 690 4421 Η
713 4356 762 4404 780
782 4356 828 4403 ilio
