3140 5032
711 361 755 426 VI

171 537 351 621 conspicias
373 536 531 618 hominis,
548 535 582 598 fit
604 540 638 598 ut
660 533 762 599 omnis
786 533 891 598 dicere
915 539 1030 598 causas

171 654 339 718 conveniat
361 652 436 728 leti,
454 651 577 715 dicatur
600 655 633 712 ut
655 648 742 713 illius
765 669 850 712 una:

170 745 245 834 nam
268 785 375 848 neque
398 785 470 830 eum
493 763 579 830 ferro
602 784 662 829 neo
683 763 801 848 frigore
825 762 952 827 vincere
975 761 1080 845 possis

171 881 331 946 interiisse
355 900 459 962 neque
482 901 501 944 a
524 881 633 944 morbo
657 899 760 960 neque
782 877 864 942 forte
886 895 1032 953 veneno,

98 1016 148 1062 770
172 1014 284 1061 verum
307 995 431 1077 aliquid
453 1014 574 1080 genere
595 1013 667 1060 esse
691 1015 732 1059 ex
755 994 814 1058 hoc
837 993 921 1076 quod
946 991 1076 1075 contigit
1099 991 1127 1056 ei

172 1111 309 1176 scimus.
326 1111 399 1173 item
423 1111 454 1173 in
477 1111 586 1175 multis
607 1108 669 1174 hoc
692 1109 788 1174 rebus
812 1107 918 1172 dicere
942 1107 1117 1172 habemus.

211 1225 304 1290 Nilus
327 1225 359 1288 in
383 1231 536 1291 aestatem
562 1224 676 1290 crescit
698 1223 885 1308 campisque
907 1222 1083 1304 redundat,
1169 1280 1171 1284 .

171 1340 284 1404 unicus
305 1339 338 1402 in
361 1340 455 1404 terris
478 1341 616 1424 Aegypti
639 1340 735 1404 totius
758 1339 882 1403 amnis.

172 1455 199 1517 is
222 1455 306 1536 rigat
329 1457 511 1539 Aegyptum
534 1455 674 1520 medium
695 1474 753 1539 per
775 1471 873 1537 saepe
897 1453 1055 1525 calorem,

98 1589 148 1634 777
174 1576 229 1632 aut
252 1569 328 1650 quia
350 1576 423 1634 sunt
445 1577 568 1635 aestate
592 1571 758 1653 aquilones
782 1569 865 1634 ostia
888 1573 1018 1642 contra,

172 1683 248 1747 anni
272 1689 414 1768 tempore
438 1705 475 1750 00
500 1685 553 1768 qui
578 1686 697 1749 etesiae
721 1703 792 1748 esse
815 1683 978 1759 feruntur,

173 1807 204 1860 ot
227 1805 337 1863 contra
359 1798 487 1863 fiuvium
510 1799 624 1863 flantes
646 1805 846 1864 remorantur
870 1804 901 1861 et
922 1797 1027 1860 undas

175 1919 327 1995 cogentes
350 1933 459 1980 sursus
482 1915 606 2002 repient
628 1920 811 1998 coguntque
833 1932 984 1978 manere.

176 2046 249 2089 nam
273 2026 368 2115 dubio
392 2031 504 2114 procui
527 2031 607 2094 haec
631 2031 768 2094 adverso
791 2029 893 2092 flabra
915 2029 1056 2094 feruntur

99 2159 149 2205 700
176 2139 325 2219 flumine,
344 2164 426 2224 quae
450 2145 566 2227 gelidis
589 2145 629 2209 ab
653 2145 753 2209 stellis
777 2144 846 2208 axis
869 2149 1026 2226 aguntur:

173 2257 228 2322 ille
252 2278 292 2324 ex
315 2258 468 2324 aestifera
489 2259 570 2343 parti
593 2260 679 2325 venit
701 2260 803 2324 amnis
827 2259 868 2323 ab
892 2263 1021 2334 austro,

172 2373 255 2439 inter
278 2375 371 2459 nigra
393 2375 495 2439 virum
517 2382 667 2458 percocto
691 2375 799 2441 saecla
822 2375 929 2440 colore

176 2489 324 2555 exoriens
346 2491 472 2574 penitus
495 2491 602 2556 media
626 2492 667 2556 ab
691 2491 820 2576 regione
845 2490 928 2554 diei.

176 2609 224 2667 est
247 2624 372 2686 quoque
394 2606 438 2670 nti
460 2607 562 2691 possit
585 2627 721 2688 maguus
744 2612 914 2690 congestus
936 2605 1078 2668 harenae

5 2793 6 2800 ἵ
100 2738 150 2784 707
173 2718 320 2784 fluctibus
344 2720 488 2786 adversis
512 2721 659 2806 oppilare
683 2723 766 2788 ostia
789 2728 919 2804 contra,

174 2853 245 2898 cum
269 2855 357 2902 mare
380 2843 556 2921 permotum
578 2837 682 2902 ventis
705 2839 768 2900 ruit
791 2837 875 2900 intus
898 2836 1072 2908 harenam;

176 2969 238 3029 quo
260 2949 295 3012 fit
316 2950 360 3014 uti
383 2957 477 3034 pacto
500 2952 581 3017 iiber
604 2952 708 3016 minus
731 2951 834 3016 exitus
858 2950 943 3014 amni

176 3067 207 3125 et
228 3064 378 3146 proclivis
400 3064 475 3127 item
499 3064 555 3128 1101
576 3065 680 3130 minus
703 3065 840 3149 impetus
863 3063 977 3127 undis.

175 3177 209 3240 fit
232 3197 360 3260 quoque
382 3177 428 3242 uti
451 3178 600 3262 pluviae,
617 3177 748 3264 forsan,
766 3179 870 3262 magis
893 3179 935 3242 ad
959 3183 1055 3260 caput
1078 3177 1107 3241 ei

100 3312 150 3358 730
176 3298 317 3376 tempore
341 3311 379 3356 eo
402 3291 499 3376 fiant,
518 3295 603 3376 quod
628 3294 729 3360 etesia
752 3294 853 3358 flabra
877 3293 1061 3374 aquilonum

176 3407 287 3471 nubila
311 3407 470 3472 coniciunt
493 3407 525 3470 in
550 3427 606 3472 eas
629 3415 703 3474 tunc
727 3409 835 3474 omnia
857 3409 976 3493 partis:

156 3521 316 3606 scilicet,
334 3521 377 3586 ad
399 3521 538 3586 mediam
562 3522 726 3603 regionem
751 3525 853 3588 eiecta
877 3523 942 3587 diei

176 3655 246 3699 cum
270 3641 507 3712 convenerunt,
523 3637 568 3700 ibi
590 3637 633 3700 ad
656 3639 738 3702 altos
761 3638 900 3720 denique
923 3637 1039 3702 montis

176 3753 345 3814 contrusae
368 3751 470 3815 nubes
494 3757 648 3834 coguntur
671 3753 765 3834 vique
786 3758 992 3836 premuntur.

5 3893 8 3904 ·
100 3883 150 3930 rao
176 3863 312 3928 forsitan
334 3863 527 3949 Aethiopum
550 3866 677 3949 penitus
700 3866 740 3930 de
761 3864 923 3929 montibus
945 3865 1019 3927 altis

181 4141 230 4187 708
249 4138 366 4200 Namque
391 4135 403 4207 Η
430 4142 479 4188 710
498 4137 589 4187 Utrum
607 4152 698 4201 genere
722 4137 819 4198 aliquid
845 4132 858 4203 11
884 4133 1033 4183 conticitel.
1060 4131 1072 4199 11
1099 4135 1147 4182 710
1172 4133 1260 4182 0100170
1287 4131 1300 4201 i}

182 4229 230 4274 719
250 4227 330 4275 flabro
352 4223 364 4294 Η
387 4228 436 4274 703
456 4225 567 4274 Exorins
587 4223 599 4291 Η
622 4227 671 4273 726
692 4226 730 4273 7771
752 4223 765 4292 Η
787 4227 834 4272 727
856 4222 952 4272 amuis.
974 4222 986 4287 11
1009 4223 1058 4269 730
1078 4235 1128 4281 quo
