3140 5032
274 395 339 462 224
820 389 862 454 v1

274 561 370 646 gleba
392 567 547 628 vetustate
570 581 587 626 c
611 567 695 626 terra
717 562 913 645 provolvitur
934 561 1069 646 ingens,

273 683 307 742 ut
328 677 463 742 iactetur
485 695 592 758 aquae
613 675 710 742 fluctu
733 696 860 758 quoque
883 682 969 742 terra
990 677 1146 746 vacillans
1158 700 1166 757 ;

197 812 248 860 555
274 799 388 858 51555
410 784 493 856 inter
515 790 588 855 dum
613 811 677 856 non
701 791 767 874 quit
789 797 957 876 constare,
975 793 1037 859 uisi
1061 812 1153 859 umor

273 907 394 973 destitit
415 906 448 970 in
471 906 568 971 dnbio
591 905 688 971 fluctu
710 905 861 972 iactarier
882 907 988 973 intua.

312 1024 483 1088 Praeterea
504 1027 619 1088 ventus
643 1043 714 1088 cum
736 1042 794 1107 per
815 1022 887 1088 luca
909 1023 1049 1088 subcava
1071 1028 1176 1090 terrae

274 1136 426 1203 collectus
447 1141 538 1222 parte
561 1156 601 1202 ex
623 1157 690 1203 una
712 1137 892 1222 procumbit
914 1144 947 1203 et
969 1144 1062 1222 urget

273 1251 409 1318 obnixus
431 1253 557 1333 magnis
581 1253 752 1338 speluncas
774 1253 893 1318 viribua
917 1253 1017 1331 51155,

198 1387 249 1436 555
272 1367 427 1432 incumbit
448 1367 545 1434 tellus
567 1388 630 1451 quo
653 1369 740 1436 venti
763 1388 865 1454 pruna
887 1368 1003 1453 premit
1024 1371 1093 1434 vis:

272 1489 337 1548 tunr
360 1500 476 1565 supera
498 1489 616 1548 terram
640 1503 724 1567 quac
747 1490 821 1549 aunt
843 1490 985 1550 extructa
1007 1486 1172 1551 domorum

275 1597 317 1663 ad
340 1597 528 1679 caelumque
550 1599 654 1681 magis
678 1605 797 1680 quanto
820 1604 895 1664 sunt
917 1598 1003 1664 edita
1025 1619 1192 1683 quaeque,

273 1713 429 1778 inclinata
451 1719 558 1778 meant
579 1713 612 1777 in
635 1713 770 1779 eandem
793 1714 920 1799 prodita
941 1720 1084 1800 partem,

274 1832 519 1912 protractaeque
540 1829 650 1894 trabea
673 1827 849 1912 inpendent
870 1829 918 1894 ire
940 1835 1093 1914 paratae.

199 1963 249 2012 565
275 1949 306 2008 51
328 1948 472 2007 metuunt
493 1943 600 2024 magni
622 1951 771 2009 naturam
796 1942 926 2010 eredere
948 1943 1060 2009 muudi

274 2057 405 2124 exitiale
427 2058 560 2140 aliquod
582 2066 708 2144 tempus
730 2059 919 2142 clademque
941 2078 1092 2135 manere,

274 2192 345 2238 cum
368 2171 498 2237 videant
519 2179 639 2238 tantam
663 2180 819 2240 terrarum
840 2175 1025 2241 incumbere
1048 2174 1184 2240 melem!

274 2287 360 2369 quod
384 2287 445 2353 nisi
468 2288 625 2372 respirent
646 2290 753 2374 venti,
770 2291 819 2356 vis
842 2291 930 2354 nulla
951 2288 1091 2356 refrenet

274 2421 326 2469 res
350 2422 453 2484 neque
477 2404 519 2468 ab
542 2403 639 2469 exitio
661 2405 764 2489 pessit
785 2403 1024 2489 reprehendere
1047 2404 1171 2470 euntia:

175 2482 250 2587 χ515
274 2539 360 2584 5555
379 2519 455 2600 quia
477 2519 638 2602 respirant
656 2519 787 2586 51155515
809 2521 907 2602 inque
928 2524 1121 2604 gravescunt

273 2639 304 2697 et
326 2635 417 2716 qnasi
441 2635 565 2700 collecti
588 2633 722 2700 redeunt
744 2635 925 2717 ceduntque
946 2634 1089 2719 repulsi,

276 2748 405 2833 saepius
428 2747 512 2814 hanc
535 2749 664 2814 obrem
686 2749 849 2814 minitatur
872 2756 959 2815 terra
981 2749 1090 2814 ruinas
1148 2787 1151 2792 ·

276 2883 373 2946 quam
394 2862 492 2928 facit:
509 2864 681 2928 inclinatur
704 2863 786 2928 enim
810 2870 959 2945 retroque
982 2863 1126 2947 recellit,

275 2983 306 3043 et
328 2978 440 3062 recipit
461 2979 616 3063 prolapsa
639 2997 713 3043 5555
736 2978 769 3042 15
791 2977 935 3063 pondera
959 2977 1074 3044 sedes.

198 3093 335 3178 55511555
356 3092 454 3174 igitur
475 3095 598 3159 ratione
620 3093 775 3158 vacillant
796 3094 904 3160 omnia
926 3099 1013 3160 tecta

273 3225 395 3274 summa
416 3207 520 3289 magis
544 3207 675 3292 mediis,
693 3209 798 3274 media
819 3207 912 3292 imis,
929 3208 994 3272 ima
1014 3206 1191 3291 perhilum.

312 3321 370 3386 Est
392 3321 471 3387 haec
494 3321 637 3386 eiusdem
661 3343 786 3406 quoque
808 3321 917 3406 magni
940 3342 1038 3387 55555
1062 3321 1228 3404 tremoris,

274 3442 388 3500 ventus
409 3434 462 3499 nbi
487 3442 583 3517 atque
607 3435 735 3502 animae
759 3435 863 3502 subito
886 3437 935 3502 515
957 3437 1100 3502 maxima
1123 3435 1283 3519 quaedem

274 3555 331 3615 aut
353 3549 551 3614 extrinsecus
573 3557 629 3613 aut
652 3550 725 3634 ipsa
748 3550 863 3615 tellure
887 3556 997 3615 coorta

199 3685 249 3733 555
273 3665 307 3730 15
329 3665 400 3730 1555
422 3683 457 3729 55
480 3683 560 3729 5555
582 3665 677 3730 terrai
702 3664 857 3747 coniecit,
873 3663 982 3746 ibique

273 3779 445 3864 speluncas
466 3778 548 3844 inter
570 3797 706 3860 magnas
728 3777 833 3842 fremit
854 3784 928 3844 ante
951 3778 1085 3843 tumultu

274 3893 542 3978 versabundaquc
565 3899 728 3980 portatur,
745 3900 818 3978 poet
839 3895 936 3960 incita
959 3914 1029 3959 cum
1052 3894 1099 3958 vis

275 4010 438 4094 exagitata
459 4010 548 4076 sorae
570 4011 743 4094 erumpitur
765 4015 796 4076 et
819 4010 912 4076 simul
934 4010 1033 4074 altam

1311 4127 1328 4165 0

279 4285 462 4336 nutricibus.
484 4282 497 4354 ΙΙ
517 4287 568 4336 555
581 4285 641 4334 dum
654 4285 793 4336 emtarum.
816 4282 827 4349 ,1
848 4284 899 4332 558
913 4295 1003 4345 urges.
1024 4279 1037 4350 Η
1058 4284 1109 4332 563
1121 4282 1219 4333 minent
1236 4283 1263 4331 in
1276 4282 1363 4332 cadem
1383 4279 1398 4350 Η

279 4387 411 4435 .a.a.q.
423 4389 455 4436 q.
477 4370 490 4442 Η
510 4375 560 4423 568
579 4373 660 4422 ventis
679 4371 750 4420 nulla
767 4369 900 4420 resremet.
921 4366 934 4438 Η
955 4372 1004 4420 582
1024 4369 1192 4424 Veraabnnda
