3140 5036
330 401 391 465 160
874 391 901 454 V

327 586 401 629 narn
424 565 505 630 bene
529 563 582 644 qui
605 561 746 626 didicere
769 563 848 628 deos
871 583 1015 628 securum
1040 581 1138 644 agere
1161 581 1296 646 aevom,

328 680 355 745 si
377 687 482 745 tamen
504 678 627 742 interea
648 677 804 740 mirantur
827 698 891 759 qua
913 678 1036 742 ratione

329 813 475 876 quaeque
498 791 566 876 geri
587 790 729 876 possint,
745 793 932 875 praesertim
956 793 1050 857 rebus
1072 791 1106 856 in
1129 791 1193 856 illis

270 930 302 977 aa
329 929 410 992 quae
436 927 554 991 supera
577 912 674 990 eaput
696 906 848 972 aetheriis
871 913 1040 971 cernuntur
1062 905 1095 969 in
1118 906 1202 990 oris,

329 1044 438 1089 rursus
460 1024 491 1085 in
515 1021 662 1103 antiquas
685 1021 865 1086 referuntur
888 1021 1081 1104 religiones,

329 1146 361 1204 et
383 1137 530 1202 dominos
553 1137 634 1202 aeris
657 1137 858 1221 adsoisount‚
876 1138 983 1202 omnia
1005 1155 1102 1221 posse

327 1275 408 1336 quos
430 1251 536 1316 miseri
560 1251 712 1328 eredunt,
728 1251 833 1335 ignari
856 1252 933 1333 quid
956 1257 1053 1333 queat
1075 1270 1165 1334 esse,

328 1367 403 1450 quid
427 1372 585 1448 nequeat,
602 1366 690 1430 finita
712 1372 854 1449 potestas
878 1367 1018 1449 denique
1042 1366 1154 1448 cuique

269 1505 301 1551 eo
328 1502 488 1564 quanam
514 1481 554 1545 sit
576 1481 697 1544 ratione
721 1487 816 1562 atque
840 1481 903 1545 alte
927 1480 1079 1544 terminus
1102 1481 1259 1546 haerens.

367 1596 459 1674 Quod
482 1617 578 1680 super
600 1602 667 1679 est,
685 1617 724 1660 ne
746 1601 777 1659 te
799 1597 831 1659 in
854 1595 1020 1680 promissis
1043 1595 1136 1679 plura
1159 1615 1336 1678 moremur,

326 1711 480 1796 principio
504 1711 605 1775 maria
627 1731 664 1776 ae
687 1717 788 1776 terras
811 1712 996 1792 caelumque
1019 1716 1127 1790 tuere3

327 1847 460 1908 quorum
483 1832 629 1890 naturam
652 1827 827 1910 triplioern,
844 1826 903 1889 tria
927 1846 1081 1908 corpora,
1099 1826 1246 1900 Memini,

327 1941 383 2004 iris
406 1941 530 2024 speeies
552 1946 617 2006 tam
642 1940 824 2026 dissimilis,
841 1942 900 2006 trin
922 1941 999 2005 talia
1021 1945 1128 2022 texta,

271 2075 303 2120 aa
329 2075 392 2119 una
415 2055 484 2121 dies
508 2056 596 2120 dabit
619 2057 733 2134 exitio,
750 2057 930 2137 multosque
953 2076 1010 2140 per
1033 2075 1135 2120 annos

328 2175 505 2234 sustentata
527 2179 596 2235 ruet
619 2173 718 2236 nroles
742 2179 772 2236 et
794 2171 943 2236 maehina
966 2171 1095 2234 mundi.

326 2305 385 2348 neo
408 2305 457 2349 rne
480 2285 576 2349 animi
599 2286 680 2350 saliit
703 2307 797 2369 quarn
821 2307 873 2351 res
896 2306 979 2352 nova
1001 2286 1143 2366 miraque
1168 2283 1265 2348 ruenti

326 2399 452 2464 aonidat
474 2401 602 2464 exitium
627 2401 708 2464 caeli
730 2407 897 2483 terraeque
919 2400 1079 2476 futurum,

327 2519 358 2577 et
380 2534 474 2594 quarn
498 2513 628 2578 difficile
651 2514 684 2578 id
707 2515 782 2579 urihi
807 2516 847 2580 sit
870 2516 1053 2598 pervincere
1077 2513 1190 2591 diotis3

255 2647 302 2693 roo
328 2633 361 2690 ut
384 2629 417 2691 fit
440 2629 493 2694 ubi
515 2629 676 2694 insolitam
701 2651 767 2694 rern
790 2630 942 2714 adportes
965 2629 1095 2693 auribus
1118 2633 1211 2710 ante,

328 2763 386 2807 neo
409 2749 516 2809 tarnen
540 2743 622 2809 hano
643 2745 748 2829 possis
773 2746 935 2809 oculorum
959 2744 1096 2809 subdere
1117 2743 1188 2806 visu

329 2877 390 2922 nee
411 2857 517 2923 iaoere
541 2859 618 2922 indu
641 2879 773 2936 manus,
790 2861 843 2923 via
866 2879 928 2940 qna
951 2858 1073 2922 munita
1095 2857 1169 2921 fidei

326 2970 470 3055 proxima
492 2971 555 3035 fert
578 2973 747 3037 humanum
770 2974 804 3036 in
827 2980 937 3057 peetus
960 2972 1143 3056 templaque
1165 2971 1298 3034 mentis.

327 3085 384 3150 sed
406 3093 514 3151 tamen
538 3089 678 3154 effabor.
695 3087 787 3152 dietis
810 3087 899 3152 dabit
920 3089 992 3173 ipsa
1015 3088 1111 3153 fidem
1132 3107 1204 3169 res,

254 3220 301 3266 rou
327 3199 480 3276 forsitan,
496 3208 527 3266 et
549 3204 690 3286 graviter
712 3210 868 3269 terrarum
892 3201 1029 3268 motibus
1052 3202 1128 3266 ortis

328 3316 434 3380 omnia
457 3321 666 3398 conquassari
689 3319 720 3383 in
744 3339 844 3403 parvo
868 3323 1009 3400 tempore
1033 3336 1162 3380 oernen.

329 3430 413 3510 quod
436 3431 547 3514 proeul
570 3453 590 3497 a
613 3433 704 3497 nobis
727 3431 833 3496 fleetat
855 3431 983 3496 fortuna
1004 3431 1207 3512 gubernans,

326 3547 357 3607 et
380 3545 459 3607 ratio
483 3545 587 3627 potius
611 3566 704 3627 quarn
728 3565 779 3610 res
801 3547 995 3630 persuadeat
1016 3545 1087 3628 ipsa

325 3657 489 3723 sueoidere
514 3657 681 3725 horrisono
704 3679 800 3743 posse
823 3660 930 3723 omnia
952 3659 1035 3724 vieta
1058 3659 1208 3740 fragore.

253 3793 301 3839 110
371 3771 461 3860 [Qua
485 3775 572 3856 prius
594 3773 765 3859 adgrediar
789 3792 883 3853 quarn
907 3771 946 3837 de
971 3793 1004 3838 re
1027 3772 1160 3838 fundere
1184 3772 1253 3838 sata

326 3888 466 3953 sanetius
490 3895 521 3952 et
543 3890 640 3954 multo
664 3893 749 3952 serta
765 3887 894 3951 'ratione
916 3889 1019 3972 magis
1043 3908 1140 3969 quarn

325 4001 441 4085 Pythia
464 4023 546 4084 quae
569 4004 693 4087 tripode
716 4023 735 4066 a
757 4000 878 4066 Phoebi
902 4003 1055 4085 lauroque
1080 4003 1243 4086 profatur,

325 4117 424 4181 multa
445 4117 503 4182 tibi
526 4118 694 4203 expediam
717 4116 818 4182 doctis
841 4117 963 4183 solacia
986 4119 1099 4198 diotis;

453 4277 463 4281 -
491 4275 525 4282 -—

330 4362 362 4410 85
382 4360 490 4411 aetheris
509 4358 522 4428 Η
546 4363 594 4411 100
613 4361 743 4411 insolitum
