3140 5036
299 391 359 458 128
827 386 884 450 llll

297 556 553 638 quandoquidem
576 557 691 637 longos
715 557 819 622 obitus
842 563 955 622 exorta
977 557 1139 642 revisunt,

296 692 366 736 cum
388 690 558 754 permensa
581 691 638 737 suc
662 677 734 736 sunt
756 672 879 736 caelum
902 691 1034 756 corpore
1057 673 1163 738 claro.

219 809 269 858 395
295 787 406 869 solque
429 785 500 870 pari
521 787 645 852 ratione
667 806 795 851 manere
818 792 850 851 et
871 787 946 850 luna
968 787 1115 852 videntur

293 905 326 968 in
348 902 506 992 statione,
524 921 564 965 ea
587 920 669 982 quae
692 901 768 965 ferri
792 921 841 966 res
864 901 985 968 indicat
1007 903 1098 985 ipsa.

296 1023 423 1083 exstant
446 1036 546 1097 usqne
568 1016 677 1098 procul
700 1015 816 1092 medio¹
829 1015 870 1080 de
890 1017 1016 1099 gurgite
1040 1017 1174 1100 montis,

207 1203 211 1210 ,
295 1132 451 1197 classibus
473 1131 555 1195 iuter
579 1149 659 1210 quos
680 1131 762 1194 liber
784 1135 872 1212 patet
895 1132 998 1195 exitus
1020 1133 1153 1215 ingens:

293 1246 399 1312 insula
421 1246 597 1311 coniunctis
620 1251 727 1310 tamen
751 1265 790 1308 ex
813 1245 863 1309 his
885 1267 949 1310 uua
971 1246 1114 1312 videtur.

217 1384 268 1431 400
294 1363 376 1428 atria
398 1362 521 1439 versari
544 1366 575 1425 et
598 1360 714 1424 circum
739 1381 869 1426 cursare
893 1361 1059 1427 columnae

292 1496 393 1558 usque
416 1475 498 1540 adeo
521 1475 623 1539 tituli
646 1475 754 1558 pueris
777 1476 964 1560 videantur,
981 1478 1035 1542 ubi
1059 1477 1120 1560 ipsi

295 1591 457 1656 desierunt
479 1590 555 1654 verti
569 1641 576 1666 ‚
592 1589 645 1655 vix
667 1591 784 1654 utiam
807 1592 937 1656 credere
961 1592 1084 1675 possint

293 1727 357 1770 non
381 1725 476 1789 supra
501 1723 572 1769 sese
595 1725 688 1770 ruere
712 1707 819 1770 omnia
841 1713 925 1771 tecta
948 1707 1080 1771 minari.

293 1822 420 1903 iamque
442 1821 571 1884 rubrum
593 1821 737 1885 tremulis
759 1821 853 1886 iubar
873 1822 1001 1904 ignibus
1026 1823 1149 1902 erigere
1172 1822 1237 1888 alte

218 1958 268 2004 400
295 1957 366 2001 cum
389 1940 515 2018 coeptat
536 1939 651 1999 natura
674 1957 836 2020 supraque
859 1937 1011 2002 extollere
1035 1943 1179 2014 montes,

295 2073 375 2134 quos
397 2051 453 2116 tibi
476 2055 542 2114 tum
565 2071 662 2134 supra
685 2053 733 2115 sol
756 2053 871 2116 montis
894 2071 966 2117 esse
988 2053 1113 2118 videtur

295 2166 469 2232 cornminus
492 2166 563 2250 ipse
586 2187 650 2234 suc
668 2165 856 2251 contingens
878 2167 1018 2233 fervidus
1039 2167 1126 2250 igni,

293 2283 345 2345 vix
368 2282 485 2346 absunt
507 2281 600 2346 nobis
622 2282 738 2347 missus
760 2283 809 2347 bis
831 2283 916 2347 mille
940 2283 1097 2365 sagittae,

292 2397 345 2461 vix
369 2398 463 2462 etiam
487 2415 596 2461 cursus
620 2397 812 2478 quingentos
834 2417 935 2482 saepe
957 2397 1061 2462 veruti
1072 2421 1087 2468 z,

217 2533 268 2580 410
293 2513 374 2576 inter
398 2531 453 2576 eos
476 2511 640 2592 solemque
662 2511 769 2576 iacent
791 2513 945 2576 immania
967 2491 1058 2596 ponti

293 2646 435 2709 aequora
459 2626 620 2690 substrata
643 2625 791 2692 aetheriis
813 2628 995 2711 ingentibus
1019 2627 1101 2709 cris,

292 2741 520 2823 interiectaque
543 2747 615 2806 sunt
637 2748 794 2806 terrarum
815 2743 905 2805 milia
927 2742 1045 2824 multa,

293 2877 375 2939 quae
397 2856 505 2920 variae
528 2855 664 2919 retinent
686 2863 798 2936 gentes
822 2862 853 2920 et
875 2857 984 2936 saecla
1007 2856 1165 2920 ferarum.

294 2978 326 3035 at
349 2971 510 3036 conlectus
533 2988 635 3050 aquae
659 2969 791 3052 digitum
816 2992 880 3036 non
904 2959 1139 3048 alcoranum,

219 3105 270 3152 415
296 3086 349 3168 qui
372 3085 497 3169 lapides
518 3085 600 3149 inter
624 3085 705 3150 sistit
726 3107 783 3171 per
806 3092 908 3152 strata
930 3087 1071 3163 viarum,

294 3200 476 3284 despectum
501 3205 635 3286 praebet
658 3204 716 3268 sub
739 3209 841 3268 terras
864 3203 970 3286 inpete
993 3207 1100 3278 tanto,

296 3337 316 3380 a
338 3317 430 3380 terris
453 3321 602 3398 quantum
627 3320 708 3382 caeli
731 3323 820 3402 patet
843 3319 925 3382 altus
948 3317 1074 3394 hiatus;

218 3452 268 3498 419
294 3436 328 3494 ut
349 3452 449 3515 prope
472 3433 602 3497 miraalo
627 3435 685 3498 sub
709 3441 812 3498 terres
835 3433 944 3498 abdita
968 3431 1047 3495 caeli

217 3567 268 3614 410
294 3547 402 3610 nubila
424 3547 581 3630 dispicere
606 3555 638 3612 et
661 3549 782 3612 caelum
807 3549 938 3612 videare
961 3544 1090 3610 videre.

219 3682 269 3729 420
294 3660 431 3742 denique
454 3661 507 3724 ubi
530 3662 563 3724 in
585 3651 689 3726 medio
713 3663 805 3727 uobis
829 3682 902 3726 ecus
925 3680 999 3724 acer
1022 3657 1169 3721 obhaesit

293 3776 422 3840 flumine
445 3776 528 3840 etin
552 3775 682 3859 rapidas
705 3777 809 3840 amnis
831 3775 1034 3859 despeximus
1056 3773 1181 3847 undas,

296 3891 408 3956 stantis
432 3893 504 3974 equi
528 3911 643 3976 corpus
665 3898 881 3956 transversum
903 3889 986 3953 ferre
1008 3887 1133 3952 videtur

293 4007 341 4070 vis
365 4011 397 4070 et
419 4006 450 4069 in
474 4006 642 4070 adversum
666 4006 782 4071 flumen
805 4004 994 4070 contrudere
1016 4001 1151 4086 raptim,

293 4178 494 4186 Μ

296 4281 345 4328 395
365 4229 514 4345 01010100..Η
535 4279 583 4326 397
598 4277 777 4340 Exstantisque
798 4273 811 4345 Η
831 4281 881 4328 406
901 4278 944 4326 ubi
966 4275 978 4345 Η
999 4280 1049 4325 414
1065 4276 1193 4326 coniectus
1215 4272 1226 4339 Η
1247 4277 1297 4322 417
1318 4271 1413 4342 0110οΗ

295 4369 345 4414 419
356 4366 471 4428 Corpora
480 4366 594 4414 mirande
609 4363 622 4432 Η
636 4365 720 4414 caelo.
737 4361 750 4432 Η
764 4367 815 4414 418
825 4366 952 4428 despicere
966 4361 980 4432 Η
995 4366 1044 4411 421
1060 4361 1214 4425 dispersimus
1229 4359 1243 4429 Η
1256 4363 1307 4409 423
1319 4361 1413 4410 fulmen
1562 4345 1563 4418 1
