3108 5034
686 431 731 495 lll
831 425 834 444 '

148 620 288 683 suppus,
305 608 337 664 et
358 601 391 664 in
413 607 500 664 10110
522 602 638 665 mentis
661 601 714 682 qui
736 601 876 682 gignitur
898 610 1025 681 nestun,

146 713 228 776 inter
250 713 386 795 dumque
410 715 501 796 quasi
523 716 697 798 exurgendi
719 715 841 779 incerta
863 717 1031 782 voluntas.

71 848 121 894 115
148 846 225 908 ergo
249 848 434 911 corpoream
457 835 604 892 naturam
627 829 724 892 animi
748 847 819 893 esse
842 839 1023 914 necessest,

147 942 309 1025 corporeis
332 942 483 1023 quoniam
507 941 581 1006 telis
602 941 729 1024 ictuque
751 943 898 1006 laborat.

185 1055 218 1120 Is
240 1055 298 1118 tibi
321 1075 403 1119 nunc
426 1056 548 1120 animus
571 1057 659 1137 quali
682 1049 722 1120 sit
745 1075 879 1140 corpore
901 1064 932 1120 et
953 1059 1038 1124 unde

145 1169 320 1234 constiterit
340 1189 472 1252 pergam
496 1170 651 1234 rationem
673 1171 808 1236 reddere
833 1171 946 1236 dictis.

145 1283 301 1366 principio
325 1303 396 1347 esse
419 1283 471 1347 aio
493 1284 700 1374 persuptilem
724 1290 820 1366 atque
843 1286 968 1350 minutis

68 1418 119 1465 180
145 1415 300 1480 perquam
323 1397 507 1480 corporibus
530 1396 649 1460 factum
672 1403 838 1462 constare.
855 1399 887 1461 id
909 1399 954 1463 ita
977 1419 1048 1466 esse

144 1510 218 1575 hinc
240 1512 317 1576 licet
338 1511 487 1575 advertas
509 1511 649 1574 animum
671 1518 705 1575 ut
726 1531 915 1595 pernoscere
934 1515 1060 1597 possis.

46 1669 50 1680 .
144 1625 189 1687 nil
213 1624 295 1689 adeo
319 1625 386 1688 fieri
409 1626 505 1690 celeri
528 1625 651 1689 ratione
675 1625 818 1702 videtur,

147 1758 241 1819 quam
265 1739 324 1803 sibi
348 1758 437 1802 mens
458 1737 528 1800 fieri
551 1738 701 1821 proponit
723 1745 754 1801 et
776 1739 904 1804 inchoat
925 1741 1016 1823 ipsa:

144 1853 231 1917 ocius
255 1872 332 1934 ergo
355 1853 479 1916 animus
503 1871 598 1932 quam
621 1872 672 1916 res
694 1873 729 1917 se
750 1855 871 1936 perciet
894 1855 959 1918 ulla
971 1905 979 1936 ‚

27 1960 29 1964 ’
70 1988 119 2034 185
144 1975 216 2030 ante
240 1966 350 2030 oeulos
373 1987 504 2046 quorum
527 1967 560 2028 in
581 1974 730 2050 promptu
752 1973 866 2040 natura
888 1968 1031 2033 videtur:

145 2089 178 2144 01
200 2079 284 2160 quorl
307 2079 425 2144 mobile
447 2085 536 2144 tanto
560 2087 705 2164 operest,
722 2088 868 2146 constare
888 2083 1034 2148 rutundis

142 2213 294 2278 perquam
319 2194 494 2258 seminibus
517 2193 612 2257 debet
633 2213 852 2277 perquamque
878 2197 1024 2280 minutis,

144 2308 281 2372 momine
306 2307 348 2370 uti
372 2327 471 2390 parvo
494 2296 619 2390 possint
639 2307 768 2389 inpulsa
787 2311 929 2373 moveri.

141 2440 278 2504 namque
302 2427 443 2484 movetur
466 2441 551 2501 aqua
574 2428 605 2485 et
627 2423 749 2486 tantillo
773 2423 910 2487 momine
932 2424 1038 2508 flutat,

68 2557 117 2603 190
144 2535 262 2618 quippe
284 2535 478 2600 volubilibus
503 2535 674 2617 parvisque
697 2542 804 2599 ereata
826 2536 956 2616 figuris.

142 2655 176 2714 at
199 2654 310 2714 contra
332 2649 435 2712 mellis
457 2646 652 2713 constantior
675 2653 724 2713 est
746 2655 857 2712 natura

142 2769 174 2827 et
195 2763 276 2847 pigri
299 2762 411 2832 latices
433 2756 543 2844 magis
560 2770 591 2828 et
614 2761 789 2828 cunctatior
812 2767 922 2828 actus:

143 2878 254 2942 haeret
276 2877 359 2940 enirn
381 2876 463 2939 inter
486 2897 521 2942 se
544 2878 646 2961 magis
669 2878 770 2942 omnis
793 2877 938 2942 materiai

143 2991 255 3073 eopia,
273 2991 306 3053 ni
328 2991 459 3073 mirum,
477 2991 551 3072 quia
574 3013 638 3056 non
661 2999 723 3056 tam
747 2991 870 3056 levibus
893 2999 980 3056 extat

68 3124 116 3170 105
143 3105 327 3187 corporibus
349 3124 453 3185 neque
476 3112 540 3168 tam
564 3106 733 3188 suptilibus
756 3112 851 3186 atque
872 3105 1035 3168 rutundis.

143 3237 281 3298 namque
304 3219 475 3301 papaveris
499 3240 578 3283 aura
600 3226 705 3302 petest
726 3238 886 3302 suspensa
909 3219 1051 3301 levisque

143 3351 257 3412 cogere
280 3338 314 3394 ut
336 3333 377 3396 ab
400 3352 522 3397 summo
545 3333 602 3396 tibi
624 3332 745 3396 dillluat
767 3333 850 3397 altus
876 3353 1029 3410 acervus,

143 3452 176 3508 at
198 3452 309 3510 contra
330 3447 472 3530 lapidum
496 3447 673 3511 conlectum
696 3446 823 3528 spiritus
846 3467 921 3510 acer

142 3579 247 3624 noenu
268 3566 391 3642 potest.
408 3561 504 3642 igitur
527 3560 716 3643 parvissima
739 3580 872 3643 corpora
894 3581 950 3643 pro
975 3542 1069 3641 quam
1096 3571 1107 3596 '

68 3694 117 3740 100
143 3679 174 3736 01
197 3673 358 3738 levissima
380 3682 472 3758 sunt,
491 3675 535 3739 ita
557 3675 734 3740 mobilitate
757 3673 922 3737 fruuntur:

143 3793 310 3852 010011110
333 3809 415 3873 quae
439 3809 572 3871 cumque
594 3789 700 3869 magis
723 3808 792 3852 cum
815 3783 956 3871 pondere
978 3808 1094 3871 magno

142 3919 320 3985 asperaque
343 3901 562 3986 inveniuntur,
580 3922 617 3967 eo
641 3902 781 3966 stabilita
802 3901 904 3984 magis
927 3907 1018 3966 sunt.

144 4035 227 4079 nunc
249 4015 344 4096 igitur
366 4015 516 4097 quoniam
541 4022 588 4080 est
610 4015 706 4078 animi
728 4021 841 4078 natura
863 4019 988 4096 reperta

143 4180 344 4196 ss——..

149 4283 198 4330 113
217 4280 307 4347 Suarip
327 4278 340 4348 11
360 4289 455 4330 mentes
477 4278 489 4349 ll
512 4284 559 4330 176
578 4279 699 4344 Corporis
719 4275 731 4346 ll
754 4278 841 4328 18311
863 4275 875 4347 ll
898 4279 946 4326 198
966 4276 1108 4328 coniectum
1126 4277 1262 4345 spicarum-

147 4383 212 4432 que.
234 4365 247 4436 ll
268 4371 317 4418 203
336 4377 373 4422 est
391 4370 530 4422 0111111111,
