3140 5036
702 359 747 422 111

164 526 381 612 quaerendum
404 529 550 595 videatur
571 533 604 594 et
626 529 660 592 in
682 527 852 594 discrimen
873 530 1054 616 agendum,

164 649 267 708 utrum
290 643 422 708 tandem
444 644 572 708 animae
593 649 749 708 venentur
770 645 893 709 semina
916 664 1064 727 quaeque

161 755 404 823 vermiculorum
425 759 583 842 ipsaeque
606 757 667 823 sibi
690 757 887 824 fabricentur
908 759 962 824 ubi
986 761 1068 844 sint,

162 892 207 936 an
229 872 322 953 quasi
345 874 531 957 corporibus
552 872 703 958 perfectis
725 873 944 938 insinuentur.

90 1006 138 1053 rao
164 990 197 1050 at
219 1005 323 1067 neque
346 1005 402 1051 cur
423 986 543 1052 faciant
563 988 654 1070 ipsae
677 1007 818 1070 quareve
841 989 987 1054 laborent

163 1099 269 1164 dicere
290 1099 475 1184 suppeditat
491 1149 498 1164 .
514 1119 618 1183 neque
641 1103 744 1181 enirn,
762 1103 839 1168 sine·
853 1123 986 1185 corpore
1009 1124 1081 1169 cum
1103 1109 1195 1187 sunt,

164 1213 322 1279 sollicitae
344 1215 479 1279 volitant
500 1215 620 1280 morbis
643 1217 779 1299 alguque
802 1218 972 1298 fameque:

162 1348 278 1412 corpus
302 1329 385 1393 enim
409 1329 514 1413 magis
536 1329 586 1394 his
607 1330 692 1396 vitiis
715 1331 822 1396 adfine
844 1331 989 1415 laborat,

164 1449 198 1508 et
219 1442 307 1508 mala
330 1442 429 1506 multa
451 1443 578 1508 animus
600 1444 779 1528 contagibu'
802 1445 943 1527 fungitur
966 1446 1056 1511 eius.

89 1580 136 1629 ras
163 1558 223 1626 sed
245 1564 351 1622 tamen
374 1556 425 1621 his
449 1563 516 1622 esto
540 1559 687 1640 quamvis
708 1559 815 1624 facere
837 1559 915 1624 utile
938 1579 1074 1644 corpus,

160 1694 233 1740 cum
257 1673 411 1736 subeant:
428 1678 461 1736 at
483 1691 546 1753 qua
566 1673 691 1756 possint
712 1674 766 1738 via
787 1673 877 1738 nulla
899 1674 1045 1740 videtur.

158 1790 240 1853 baut
260 1785 356 1868 igitur
377 1785 500 1850 faciunt
521 1787 648 1852 animae
672 1787 733 1852 sibi
755 1807 891 1871 corpora
913 1794 944 1852 et
966 1793 1076 1853 artus.

159 1922 222 1968 nec
243 1905 350 1965 tamen
372 1905 477 1965 estut
499 1899 564 1964 iam
586 1901 737 1986 perlectis
758 1902 959 1967 insinuentur

160 2016 368 2100 corporibus:
385 2033 490 2097 neque
513 2016 597 2080 enim
620 2022 767 2099 poterunt
790 2017 947 2101 suptiliter
969 2035 1041 2083 esse

91 2154 137 2201 vro
163 2149 332 2213 conexae,
348 2137 453 2212 neque
477 2149 652 2194 consensus
674 2131 824 2210 contagia
846 2130 940 2194 fient.

203 2243 350 2326 Denique
374 2263 431 2308 cur
452 2243 537 2308 acris
558 2243 713 2320 violentia
736 2244 824 2308 triste
848 2245 975 2308 leonum

158 2358 330 2426 seminium
353 2358 496 2441 sequitur
509 2409 516 2436 ‚
531 2357 644 2442 volpes
667 2358 780 2442 dolus,
797 2364 829 2423 et
850 2357 930 2440 fuga
951 2377 1081 2442 cervos,

89 2497 136 2543 rur
160 2480 195 2540 et
214 2473 278 2538 iam
301 2478 407 2539 cetera
428 2473 467 2537 de
490 2492 609 2558 genere
634 2473 694 2538 hoc
717 2492 772 2537 our
795 2473 903 2538 omnia
925 2472 1075 2539 membris

160 2610 203 2656 ex
216 2589 353 2654 ineunte
375 2607 455 2654 aevo
479 2593 693 2670 generascunt
713 2588 927 2670 ingenioque,

161 2705 192 2771 si
212 2723 296 2788 non,
312 2707 398 2768 certa
421 2721 479 2767 suo
503 2701 578 2784 quia
600 2701 722 2767 semine
744 2701 942 2782 seminioque
1004 2726 1006 2729 ’

159 2821 211 2885 vis
233 2819 333 2884 animi
354 2816 474 2902 pariter
497 2817 611 2882 crescit
633 2836 703 2882 cum
727 2835 860 2898 corpore
880 2799 1006 2881 totol‘

160 2934 249 3017 quod
271 2933 298 2999 si
320 2931 497 2998 inmortalis
520 2931 604 2998 foret
627 2939 659 2997 et
681 2937 804 2996 mutare
828 2929 945 2996 soleret
1052 3017 1055 3024 Δ

162 3066 318 3134 corpora,
333 3047 498 3132 permixtis
519 3046 698 3111 animantes
721 3045 862 3110 moribus
878 3051 1010 3127 essent,

86 3186 134 3235 rso
161 3164 319 3244 effugeret
341 3161 431 3226 canis
452 3159 605 3244 Hyrcano
629 3159 816 3224 desemine
840 3177 938 3242 saepe
1044 3162 1061 3200 ·'

162 3276 322 3362 cornigeri
343 3277 505 3340 incursum
527 3272 631 3356 cervi,
647 3277 858 3355 tremeretque
880 3293 937 3356 per
959 3293 1056 3338 auras

161 3390 247 3458 aeris
270 3391 421 3474 accipiter
442 3388 569 3472 fugiens
590 3388 737 3453 veniente
759 3387 929 3471 columba,

163 3506 348 3590 desiperent
369 3503 532 3587 homines,
550 3509 700 3587 saperent
722 3502 791 3578 fera
813 3502 921 3567 saecla
942 3499 1104 3567 ferarum.

163 3619 244 3687 illud
268 3619 353 3684 enim
375 3618 458 3684 salsa
479 3617 578 3682 fertur
601 3618 744 3696 radone,
761 3615 847 3700 quod
869 3617 961 3681 aiunt

90 3759 138 3808 755
163 3734 362 3800 inmortalem
384 3734 525 3798 animam
546 3738 666 3797 mutato
690 3750 824 3818 corpore
845 3729 949 3796 flecti:

164 3848 251 3933 quod
272 3851 412 3912 mutatur
434 3848 518 3912 enirn
540 3847 746 3925 dissolvitur,
761 3845 868 3910 interit
890 3862 989 3926 ergo.

163 3964 349 4031 traiciuntur
371 3962 455 4027 enim
477 3968 584 4046 partes
608 3967 705 4044 atque
728 3960 840 4025 ordine
862 3959 1020 4042 migrant;

164 4129 366 4140 ,..-----

170 4233 219 4281 732
238 4232 348 4295 algoque
368 4226 381 4299 Η
403 4231 453 4280 734
465 4236 574 4293 contage
594 4225 607 4296 Η
629 4229 679 4276 736
698 4240 747 4289 que
767 4222 780 4294 Η
803 4226 851 4275 738
870 4231 899 4274 ut
910 4223 1013 4286 quicum
1033 4219 1046 4292 Η
1067 4225 1119 4286 740
1130 4235 1253 4272 consensu
1273 4218 1286 4292 Η

171 4321 220 4370 743
239 4318 264 4369 Α
282 4317 396 4386 patribus
415 4317 489 4372 datur
507 4324 532 4368 et
550 4331 565 4366 a
581 4315 678 4384 patrius
695 4329 774 4382 pavor
793 4312 884 4367 incitat
901 4319 987 4364 artus.

502 4513 520 4554 4
