3140 5032
713 385 757 450 VI

97 584 146 630 999
214 563 306 626 Nune
330 561 433 624 omnis
455 563 599 642 repetam
624 576 719 638 quam
741 575 814 620 9999
839 575 972 640 eorpore
995 556 1058 620 sint
1080 575 1131 621 res
1231 629 1236 644 ι

172 693 441 756 9999999999999;
460 672 544 754 qnod
567 671 600 735 in
623 671 725 754 primo
749 672 876 752 quoque
900 670 1039 735 carmine
1061 671 1180 736 olaret:

173 789 293 872 quippe
315 788 452 872 etenim,
470 806 661 868 quamquam
688 786 803 850 multas
825 784 887 848 hoe
908 785 1045 868 pertinet
1067 785 1108 848 ad
1130 805 1182 852 res

172 921 323 978 noscere,
340 921 410 965 eum
434 901 543 984 primis
565 901 648 966 hane
670 901 712 966 ad
735 919 801 964 rem
823 898 967 984 protinus
989 900 1114 982 ipsam,

56 1066 60 1074 -
97 1041 148 1086 949
173 1017 301 1099 quade
325 1016 482 1082 disserere
505 1015 695 1100 adgredior,
712 1015 838 1078 firmare
862 1020 1025 1079 neeessest

172 1133 216 1196 nil
240 1151 312 1197 esse
333 1132 367 1194 in
388 1138 537 1215 promptu
559 1131 620 1194 nisi
644 1133 775 1194 mixtum
799 1149 914 1211 eorpus
936 1129 1046 1192 inani.

172 1247 329 1332 principio
352 1245 387 1309 fit
407 1251 442 1308 99
464 1245 497 1308 in
520 1245 683 1329 speluncis
705 1265 785 1310 saxa
809 1263 947 1328 superne

172 1361 288 1426 sudent
310 1379 420 1424 umore
443 1365 474 1423 et
496 1359 593 1441 guttis
615 1358 811 1424 manantibn’
836 1359 975 1424 stillent.

173 1482 283 1540 manat
304 1476 379 1538 item
402 1474 495 1538 nobis
518 1494 535 1538 e
557 1479 624 1540 toto
648 1493 781 1558 eorpore
804 1475 921 1557 sudor,

99 1613 149 1659 945
176 1590 288 1656 ereseit
310 1588 413 1653 barba
435 1588 557 1673 pilique
580 1608 637 1672 per
660 1589 768 1653 omnia
790 1589 952 1665 membra,
968 1607 1025 1672 per
1048 1592 1156 1650 artus.

173 1705 291 1769 diditur
311 1704 345 1767 in
368 1722 466 1769 venas
490 1703 580 1767 eibus
603 1704 727 1787 omnis,
744 1710 860 1787 auget,
877 1702 998 1784 alitque

173 1819 315 1904 eorporis
338 1827 499 1883 extremas
523 1839 649 1900 quoque
673 1818 773 1902 partis
795 1817 1070 1902 unguioulosque‚

98 1955 148 2001 955
175 1933 320 1998 morbida
341 1934 453 2015 visque
477 1934 590 2012 simul,
608 1953 677 1998 eum
701 1933 900 1998 extrinsecus
922 1932 1119 1998 insinuatur.

98 2069 148 2115 949
174 2047 275 2128 frigus
297 2049 369 2112 item
394 2049 527 2113 transire
549 2067 607 2132 per
629 2067 704 2125 999,
721 2046 924 2128 calidumque
946 2068 1120 2133 vaporem,

174 2163 349 2246 sentimus,
367 2162 521 2227 sentimus
543 2163 617 2226 item
640 2163 775 2226 transire
797 2181 855 2245 per
878 2183 988 2226 999999

97 2298 147 2345 959
173 2284 268 2359 atque
292 2297 348 2360 per
371 2282 538 2358 argentum
553 2328 560 2355 ,
577 2297 648 2342 eum
671 2276 788 2359 poeula
810 2276 906 2360 plena
927 2282 1094 2343 tenemus.

173 2391 310 2473 denique
333 2411 391 2476 per
414 2391 557 2475 dissepta
580 2391 746 2455 domorum
769 2411 866 2455 saxea
888 2411 983 2458 voees

176 2506 388 2589 pervolitant,
405 2514 571 2588 permanat
594 2506 682 2571 odor'
696 2505 861 2588 frigusque
882 2527 1049 2592 vaposque

175 2619 279 2699 ignis,
297 2619 351 2700 qui
374 2619 449 2684 ferri
472 2640 599 2703 quoque
621 2621 684 2686 vim
706 2627 875 2705 penetrare
898 2621 999 2686 suevit

174 2733 314 2816 denique
337 2755 402 2816 qua
423 2735 539 2800 eireum
564 2735 650 2800 Galli
672 2736 772 2802 loriea
794 2742 936 2802 9999999.

98 2868 147 2915 959
174 2854 207 2915 99
228 2855 418 2934 tempestate
441 2851 472 2913 in
495 2856 582 2916 99999
605 2850 757 2936 eaeloque
781 2860 910 2930 coorta,

174 2964 208 3026 in
232 2965 354 3028 eaelum
376 2969 542 3047 terrasque
564 2971 707 3032 remotae
729 2967 801 3032 iura
823 2967 1007 3049 faeessnnt;

175 3078 433 3160 quandoquidem
458 3080 502 3143 nil
526 3087 573 3144 est
594 3081 656 3145 nisi
680 3102 754 3146 9999
778 3081 912 3166 eorpori’
934 3101 1038 3147 nexu.

213 3192 283 3257 Η99
306 3193 431 3258 aeeedit
452 3195 496 3259 uti
518 3215 583 3259 non
606 3196 735 3274 omnia,
752 3215 835 3278 quae
857 3196 1014 3261 iaciuntur

99 3325 150 3373 999
177 3325 310 3390 eorpora
332 3327 464 3391 eumque
488 3309 531 3373 ab
554 3311 669 3388 rebus,
687 3311 800 3388 eodem
823 3311 972 3396 praedita
995 3331 1090 3376 sensu

175 3427 270 3504 atque
293 3422 405 3488 eodem
427 3431 521 3508 paeto
546 3426 640 3490 rebus
663 3426 725 3490 sint
747 3427 894 3492 omnibus
916 3434 993 3511 apta
1008 3425 1026 3490 .’

172 3537 327 3622 prinoipio
350 3544 468 3604 terram
491 3539 541 3604 sol
565 3539 739 3623 exquoquit
760 3545 792 3606 et
814 3539 890 3606 faeit
913 3562 989 3627 999,

175 3658 207 3715 99
228 3652 365 3737 glaciem
389 3651 535 3717 dissolvit
557 3660 589 3718 et
611 3655 685 3720 altis
709 3657 869 3728 montibus
891 3659 975 3723 altas

174 3769 400 3848 extructasque
423 3768 515 3834 nives
536 3769 635 3835 radiis
658 3771 824 3835 tabeseere
847 3772 953 3852 aegit:

2 3882 4 3904 ³
98 3897 149 3946 995
175 3876 312 3961 denique
336 3899 409 3946 aera
431 3882 517 3965 lique
539 3883 573 3947 fit
595 3885 628 3948 in
650 3884 719 3948 eius
741 3890 837 3968 posta
857 3905 998 3969 vapore.

171 4063 374 4071 -—-—————

175 4183 224 4231 997
245 4181 329 4232 clare.
351 4179 363 4252 ΙΙ
389 4186 439 4235 998
458 4187 547 4236 ardes.
568 4182 581 4253 Η
607 4187 657 4236 940
674 4186 777 4235 firmare
801 4183 814 4254 ΙΙ
835 4189 883 4236 941
903 4187 951 4236 msi
970 4203 1061 4252 eorpus
1078 4188 1187 4236 mixtum
1212 4185 1225 4257 ll
1245 4192 1295 4238 949

175 4281 297 4331 superna.
319 4266 332 4338 Η
358 4272 493 4323 99499919
517 4269 531 4338 ΙΙ
556 4273 606 4320 956
626 4279 799 4336 tempestatem
825 4270 838 4343 Η
864 4277 912 4326 997
933 4275 1004 4326 iuras
1024 4274 1037 4346 ll
1058 4277 1108 4326 958
1128 4291 1234 4345 corpore
1252 4292 1295 4332 ne-

175 4366 252 4402 xum.
274 4354 287 4426 Η
308 4361 357 4407 962
378 4374 428 4424 quo
449 4359 462 4428 Η
484 4361 535 4410 964
553 4358 688 4412 Extremas
