3140 5036
285 375 346 438 112
824 371 867 436 III

201 560 266 607 1015
284 545 332 605 est
353 541 534 624 insignibus
556 541 711 627 insignis,
728 543 922 624 scelerisque
949 543 1069 628 icelle,

283 674 392 720 carcer
414 661 446 720 et
467 655 626 720 horribilis
649 655 688 721 de
712 676 789 721 saxo
813 657 907 722 iactu’
928 658 1097 735 deorsum,

283 770 434 854 verbera,
451 769 638 847 carnifices,
654 772 771 850 robur,
787 771 863 856 pix,
880 771 1053 852 lammina,
1070 773 1206 854 taedae;

284 881 368 968 quae
390 891 497 950 tamen
520 885 579 950 etsi
602 885 735 962 absunt,
752 891 787 950 at
808 905 897 952 meus
921 887 1002 972 sibi,
1019 888 1148 953 conscie
1170 887 1283 966 factis,

283 1007 509 1085 praemetuens
531 1000 662 1066 adhibet
684 1000 830 1066 stimulos
852 1006 1012 1083 terretque
1034 1002 1193 1086 flagellis,

200 1135 266 1183 roeo
284 1134 343 1179 uec
364 1114 451 1180 videt
472 1115 595 1179 interea
618 1115 671 1196 qui
693 1115 844 1180 terminus
868 1135 939 1181 esse
962 1117 1117 1181 malorum

281 1228 383 1312 possit
406 1249 464 1292 nec
487 1248 570 1310 quae
593 1229 633 1293 sit
654 1249 829 1312 poenarum
853 1230 990 1312 denique
1011 1231 1104 1310 finis,

279 1348 373 1423 atque
395 1343 509 1408 eadem
530 1344 641 1409 metuit
662 1345 765 1427 magis
787 1345 870 1411 haec
892 1365 933 1410 ne
954 1347 988 1410 in
1009 1351 1109 1410 morte
1130 1351 1341 1427 gravescent.

281 1457 333 1520 bic
355 1457 533 1523 Acherusia
554 1459 589 1522 fit
611 1461 778 1525 stultorum
801 1460 938 1541 denique
958 1461 1045 1525 vita.

321 1570 390 1634 Hoc
414 1573 507 1636 ctiam
531 1572 587 1636 tibi
609 1579 677 1638 tute
698 1572 780 1638 inter
803 1575 876 1636 dum
901 1573 1006 1638 dicere
1028 1573 1155 1656 possis.

200 1680 411 1752 roac‘lumina
435 1686 478 1750 sis
501 1688 600 1752 oculis
624 1687 719 1752 etiam
741 1689 843 1751 bonus
865 1683 969 1753 Ancu'
994 1688 1140 1771 reliquit,

281 1800 335 1881 qui
358 1801 469 1865 melior
491 1802 597 1866 multis
620 1822 715 1882 quam
737 1809 770 1865 tu
792 1801 869 1886 fuit,
885 1803 1049 1887 improbe,
1066 1803 1182 1868 rebus.

283 1915 356 1978 inde
378 1915 433 1980 alii
456 1915 553 1980 multi
567 1936 663 1996 reges
685 1936 853 2000 rerumque
875 1923 1023 2002 potentes

280 2032 480 2108 occiderunt,
495 2031 621 2116 magnis
644 2032 697 2114 qui
720 2033 869 2113 gentibus
891 2033 1133 2117 imperitarunt.

280 2147 335 2210 ille
359 2165 484 2228 quoquc
507 2147 596 2231 ipse,
612 2147 697 2212 viam
720 2147 772 2229 qui
797 2148 955 2228 quondam
977 2168 1035 2231 per
1056 2167 1145 2212 mare
1168 2167 1317 2228 magnum

198 2283 265 2330 1030
281 2262 392 2326 stravit
413 2263 536 2344 iterque
560 2262 648 2326 dedit
670 2262 850 2346 legionibus
871 2263 918 2327 ire
940 2283 999 2348 per
1021 2264 1120 2326 altum

282 2377 331 2464 [ac
352 2376 488 2461 pedibus
510 2377 613 2442 salsas
637 2377 744 2442 docuit
767 2397 863 2462 super
884 2379 931 2443 ire
954 2376 1098 2464 lucunas]
1138 2425 1140 2430 -

282 2499 313 2557 et
335 2491 503 2556 contemsit
525 2490 616 2573 equis
637 2491 794 2557 insultans
816 2512 976 2557 murmura
998 2491 1107 2576 ponti,

280 2605 400 2671 lumine
423 2607 571 2689 adempto
593 2607 734 2672 animam
756 2607 946 2673 moribundo
969 2627 1103 2691 corpore
1125 2603 1226 2669 fucit,

282 2721 471 2806 Scipiadas,
489 2721 565 2786 belli
587 2720 728 2805 fulmen,
747 2722 948 2805 Carthaginis
972 2721 1103 2797 horror,

198 2858 264 2904 1035
282 2857 357 2902 ossa
380 2835 469 2900 dedit
491 2842 594 2900 terrae
616 2836 750 2919 preinde
774 2856 811 2900 ac
834 2835 935 2900 famul
957 2835 1083 2899 iniimus
1106 2840 1211 2900 esset.

282 2950 366 3015 adde
388 2957 567 3034 repertores
590 2949 804 3014 doctrinarum
827 2955 923 3031 atque
945 2950 1109 3033 leporum,

216 3075 218 3079 “
282 3065 364 3130 adde
387 3065 631 3130 Heliconiadum
655 3067 807 3148 comites,
824 3086 958 3147 quorum
981 3085 1062 3129 unus
1084 3065 1243 3129 Homerus

283 3186 410 3264 sceptra
431 3181 550 3263 potitus
572 3181 685 3244 eadem
708 3161 780 3244 aliis
803 3179 915 3265 sopitu’
940 3180 1094 3261 quietest.

282 3295 420 3377 denique
443 3295 658 3359 Democritum
680 3301 754 3377 post
776 3315 871 3375 quarn
893 3299 1021 3359 matura
1043 3298 1188 3357 vetustas

198 3430 264 3476 1040
281 3409 446 3473 admonuit
467 3429 625 3474 memores
647 3413 751 3472 motus
774 3408 982 3491 languescere
1004 3407 1139 3488 mentis,

281 3527 394 3606 sponte
417 3543 477 3588 sua
500 3524 562 3587 leto
586 3529 682 3606 caput
706 3521 817 3587 obvius
840 3521 955 3604 optulit
976 3523 1066 3604 ipse.

264 3614 350 3722 'ipse
372 3639 528 3723 Epicurus
551 3638 587 3701 iit
609 3636 744 3702 decurso
767 3636 886 3700 lumine
908 3635 1015 3712 vitae,

281 3755 334 3835 qui
357 3773 458 3835 genus
480 3753 652 3816 humanum
674 3750 803 3834 ingenio
827 3750 989 3833 superavit
1010 3755 1042 3814 et
1064 3749 1166 3814 omnis

196 3942 201 3950 ⁶
281 3869 464 3948 restincxit,
482 3868 592 3934 stellas
616 3873 744 3932 exortus
766 3871 800 3929 ut
820 3863 981 3932 aetherius
1004 3865 1072 3930 sol.

199 4003 265 4051 1045
282 3988 315 4048 tu
337 4003 414 4049 vero
438 3983 599 4049 dubitabis
623 3989 654 4048 et
675 3981 885 4064 indignabere
909 3980 1024 4046 obire?

286 4251 352 4297 1015
372 4249 455 4298 luela.
476 4247 489 4315 ΙΙ
511 4252 577 4298 1010
597 4265 701 4299 eorum.
722 4247 735 4316 11
759 4253 824 4300 1017
844 4247 966 4298 lammina
985 4243 998 4316 11
1020 4249 1085 4297 1013
1100 4254 1227 4308 torretque
1247 4245 1259 4314 11
1283 4249 1348 4297 1032
1362 4248 1401 4296 in'-

286 4334 383 4383 suitans
403 4333 415 4402 Η
438 4337 503 4384 1033
524 4335 607 4398 fugit.
628 4333 641 4402 ΙΙ
665 4337 731 4384 1038
750 4336 834 4398 potius
854 4332 867 4402 11
889 4338 955 4384 1042
976 4336 1040 4384 obiit
1059 4333 1072 4402 Η
1095 4337 1161 4383 1044
1180 4335 1261 4384 aerius
