3140 5032
702 373 748 437 v1

93 567 143 614 883
168 545 320 629 reliquias
342 547 426 611 vitae
449 544 599 609 membris
622 563 662 608 ex
685 544 831 608 omnibus
854 544 978 609 aufert.

98 667 102 676 '
167 661 284 746 quippe
307 660 423 726 etenim
446 659 548 741 primo
572 659 664 740 quasi
689 657 847 740 quendam
871 660 994 724 conciet
1016 664 1160 724 aestum:

167 775 326 859 posterius
349 774 383 838 fit
404 773 471 850 uti,
487 793 559 838 cum
581 773 645 836 iam
668 773 814 839 cecidere
837 773 950 839 veneni

168 889 201 952 in
224 887 321 952 fontis
343 887 451 970 ipsos,
467 887 512 953 ibi
535 888 576 953 sit
599 908 726 970 quoque
748 887 814 952 vita
836 887 996 952 vomendo

168 1007 342 1088 propterca
366 1001 451 1084 quod
474 1021 593 1086 magna
615 1001 690 1064 mali
713 999 748 1064 fit
770 1003 861 1085 eopia
884 1003 1022 1066 circum.

92 1137 143 1185 838
212 1117 264 1181 Fit
286 1137 412 1200 quoque
435 1121 469 1181 ut
490 1116 572 1180 inter
594 1114 669 1179 dum
692 1115 740 1180 vis
762 1115 844 1182 haec
867 1123 961 1198 atque
985 1123 1093 1181 aestus
1114 1116 1233 1182 Averni

71 1221 73 1226 ¹
169 1239 264 1315 adra,
284 1232 337 1313 qui
360 1232 442 1296 inter
465 1230 534 1295 avis
558 1236 724 1312 cumquest
745 1237 926 1312 terramque
949 1232 1091 1308 locatus,

169 1347 338 1423 discutiat,
354 1365 454 1430 prope
476 1346 522 1410 uti
544 1346 634 1412 locus
658 1344 710 1410 hio
731 1345 897 1428 linquatur
919 1345 1044 1410 inanis.

171 1462 259 1526 cuius
280 1461 334 1524 ubi
358 1481 375 1526 e
398 1461 529 1542 regione
552 1461 613 1526 loci
638 1479 753 1526 venere
777 1460 944 1538 volantes,

171 1576 328 1641 claudicat
351 1576 510 1661 extemplo
533 1576 700 1661 pinnarum
723 1575 812 1640 nisus
834 1575 960 1659 inanis,

96 1713 146 1760 835
172 1696 204 1756 et
227 1711 383 1756 conamen
404 1691 562 1772 utrimque
585 1692 708 1756 alarum
732 1691 876 1774 proditur
899 1711 1012 1754 omne.

169 1805 222 1870 hic
243 1806 295 1870 ubi
319 1807 421 1871 nixari
445 1812 608 1888 nequeunt
629 1805 841 1888 insistereque
863 1804 944 1888 alis,

171 1920 311 1997 scilieet,
327 1921 359 1984 in
382 1927 502 1986 terram
525 1920 632 1984 delabi
654 1922 798 2004 pondere
820 1920 907 2001 cogit

132 2089 135 2094 .
170 2041 304 2110 natura,
321 2040 352 2099 et
372 2055 508 2099 vacuum
530 2055 631 2120 prope
653 2035 718 2099 iam
741 2055 798 2119 per
820 2034 917 2099 inane
940 2035 1082 2100 iacentes

95 2169 146 2216 833
172 2149 360 2233 dispergunt
382 2151 506 2215 animas
528 2171 584 2234 per
606 2151 717 2215 caulas
741 2150 884 2235 corporis
908 2150 1031 2215 omnis.

680 2267 701 2306 ³1³

170 2401 236 2444 non
260 2379 337 2444 mihi
359 2379 387 2445 si
410 2379 542 2464 linguae
565 2385 692 2446 centum
715 2381 778 2445 sint
801 2401 920 2464 oraque
942 2387 1087 2465 centum,

174 2514 376 2572 saccaron,

681 2612 700 2651 ’lt

854 2728 1007 2793 mensibu'
1029 2727 1130 2812 frigus

679 2843 699 2883 a

779 2977 990 3040 cameraeque
1015 2960 1149 3023 caminis

679 3072 699 3114 a

486 3205 525 3250 ue
549 3185 680 3250 oblimet

680 3303 700 3343 e

93 3436 144 3482 840
168 3413 313 3496 frigidior
335 3435 430 3499 porro
453 3414 487 3478 in
509 3417 613 3499 puteis
636 3422 759 3481 aestate
782 3418 816 3482 fit
838 3437 948 3500 umor,

169 3529 302 3594 rarescit
324 3529 401 3610 quia
423 3535 510 3596 terra
533 3532 660 3608 calore,
677 3538 708 3596 et
730 3532 852 3596 semina
875 3533 903 3598 si
926 3551 1010 3614 quae

167 3642 250 3708 forte
273 3644 403 3728 vaporis
425 3643 544 3722 habet,
559 3665 696 3731 propere
719 3647 846 3711 dimittit
865 3649 898 3711 in
922 3667 1019 3712 auras
1032 3652 1045 3710 .’

169 3775 232 3837 quo
256 3759 359 3839 magis
383 3766 432 3824 est
453 3759 550 3842 igitur
571 3759 667 3825 tellus
689 3760 785 3826 effeta
807 3763 933 3838 calore,

8 3895 14 3948 μ
167 3867 202 3932 fit
226 3889 353 3951 quoque
374 3871 521 3956 frigidior
544 3875 598 3956 qui
620 3875 653 3938 in
675 3881 791 3939 terrast
813 3875 941 3940 abditus
963 3895 1074 3938 umor.

9 4009 13 4060 t
91 4003 143 4050 843
169 3983 288 4069 frigore
311 4003 381 4048 cum
403 3987 557 4070 premitur
578 4009 673 4073 porro
698 3989 800 4053 omnis
823 3995 909 4054 terra
931 3989 1058 4070 coitque

166 4156 369 4164 Ἥ

171 4259 222 4308 833
241 4259 295 4309 vita
314 4255 328 4329 ΙΙ
354 4261 403 4310 831
425 4269 554 4323 torumque
579 4258 594 4330 ll
619 4264 668 4310 832
688 4263 747 4312 hinc
766 4264 889 4326 linquitur
909 4259 922 4328 ll
943 4263 993 4310 833
1013 4277 1027 4309 8
1046 4261 1100 4311 bis.
1127 4257 1140 4328 ll
1167 4262 1218 4309 840
1237 4261 1292 4323 Que

171 4343 289 4408 frigidior
310 4345 323 4416 ll
344 4349 392 4397 841
414 4349 516 4398 Aresoit
536 4346 549 4416 Η
570 4349 631 4397 serni
651 4349 740 4412 siqua.
761 4346 774 4417 Η
795 4352 845 4398 842
865 4349 966 4413 proprie
