3140 5032
708 381 752 446 VI

169 556 348 639 oonspioias
371 555 529 637 hominis,
545 554 580 618 fit
601 559 636 618 ut
658 553 760 618 omnis
784 552 889 617 dieere
912 559 1027 618 oausas

168 673 337 737 eonveniat
359 671 434 748 leti,
452 670 575 734 dicatur
598 674 631 732 ut
652 667 740 731 illius
763 688 847 731 una:

168 763 243 852 nam
266 804 372 867 neque
396 804 468 849 enm
491 783 576 849 ferro
599 804 659 849 nee
681 782 800 867 frigore
823 781 950 847 vincere
973 781 1078 865 possis

168 900 329 965 interiisse
352 919 456 981 neque
479 920 499 963 a
521 900 631 964 morbo
654 918 757 980 neque
780 897 861 962 forte
883 915 1030 971 veneno,

95 1035 145 1080 770
170 1033 282 1079 verum
305 1014 428 1096 aliquid
451 1033 570 1100 genere
593 1033 664 1078 esse
688 1033 729 1078 ex
752 1014 812 1077 hoe
835 1012 918 1096 quod
943 1010 1073 1095 contigit
1096 1011 1124 1076 ei

169 1129 307 1194 seimus.
324 1129 397 1193 item
420 1130 452 1192 in
475 1131 583 1195 multis
605 1129 666 1194 1700
690 1129 786 1193 rebus
810 1127 916 1192 dicere
939 1127 1115 1192 habemus.

208 1244 301 1308 Nilus
325 1243 356 1307 in
381 1250 534 1310 aestatem
559 1243 673 1309 oreseit
695 1243 882 1327 campisque
905 1242 1080 1324 redundat,
1166 1300 1168 1304 ,

169 1358 281 1422 unious
303 1359 336 1422 in
359 1359 452 1424 terris
475 1360 613 1443 Aegypti
636 1359 732 1423 totius
755 1359 880 1422 amnis.

169 1473 197 1536 is
220 1473 303 1554 rigat
326 1475 508 1558 Aegyptum
531 1475 671 1538 medium
693 1493 751 1558 per
773 1491 871 1557 saepe
894 1471 1053 1545 calorem,

95 1608 145 1653 770
171 1595 226 1651 aut
249 1588 325 1669 quia
347 1595 421 1652 sunt
442 1596 565 1654 aestate
589 1590 756 1672 aquilones
779 1589 862 1653 ostia
885 1593 1016 1662 eontra,

169 1701 245 1766 anni
269 1707 411 1786 tempore
435 1723 472 1768 eo
497 1704 550 1786 qui
575 1705 694 1768 etesiae
719 1723 789 1768 esse
812 1703 975 1778 feruntur,

170 1825 201 1879 ot
223 1823 334 1882 eontra
356 1817 484 1882 fluvium
507 1817 621 1882 flantes
643 1823 844 1883 remorantur
867 1825 898 1880 et
921 1817 1024 1880 undas

172 1937 324 2014 cogentes
347 1953 457 1998 sursus
478 1935 603 2021 repient
625 1940 808 2017 coguntque
830 1952 982 1998 manere.

173 2065 246 2108 nam
270 2045 366 2134 dubio
389 2050 501 2133 proeoi
524 2050 604 2114 haee
628 2051 765 2114 adverso
788 2048 890 2112 flabra
913 2048 1054 2114 feruntur

95 2177 146 2224 770
172 2157 322 2238 flumine,
341 2183 423 2243 quae
447 2163 563 2246 gelidis
586 2163 626 2228 ab
650 2164 750 2228 stellis
774 2163 844 2228 anis
866 2169 1023 2246 aguntur:

170 2276 224 2341 ille
248 2297 288 2342 ex
312 2277 465 2343 aestifera
486 2278 566 2362 parti
590 2279 676 2345 venit
698 2279 800 2343 amnis
824 2279 866 2343 ab
889 2283 1018 2354 austro,

169 2392 252 2458 inter
275 2393 367 2478 nigra
390 2395 492 2458 virum
514 2401 664 2478 perooeto
688 2395 796 2461 saeola
819 2395 926 2459 001070

173 2507 321 2574 exoriens
343 2510 469 2594 penitus
492 2509 599 2575 media
623 2511 664 2575 ab
688 2511 817 2596 regione
842 2510 925 2574 diei.

172 2628 221 2686 est
244 2643 368 2705 quoque
390 2625 435 2688 uti
457 2625 558 2711 possit
581 2645 718 2708 magnus
741 2631 911 2710 congestus
933 2625 1075 2688 harenae

97 2757 146 2803 700
170 2736 317 2804 fluetibus
340 2739 485 2806 adversis
509 2741 655 2825 oppilare
679 2743 762 2808 ostia
785 2747 916 2823 eontra,

171 2871 242 2916 eum
266 2874 354 2921 mare
377 2862 553 2940 permotum
575 2857 678 2921 ventis
702 2857 765 2919 ruit
787 2857 872 2919 intus
895 2856 1068 2929 lrar·enam;

172 2987 234 3048 quo
257 2968 291 3030 fit
313 2969 357 3032 uti
379 2976 474 3052 paeto
497 2971 578 3036 liber·
601 2971 705 3035 minus
728 2971 831 3035 exitus
854 2970 940 3034 amni

173 3085 204 3144 et
225 3082 374 3165 proclivis
397 3083 472 3146 item
495 3083 551 3148 fiat
573 3084 677 3150 minus
700 3085 836 3168 impetus
860 3083 974 3146 undis.

171 3195 206 3259 fit
229 3215 356 3278 quoque
379 3196 425 3260 uti
447 3197 596 3281 pluviae,
614 3197 745 3283 forsan,
763 3199 866 3282 magis
889 3199 932 3261 ad
956 3203 1051 3280 eaput
1075 3197 1103 3260 ei

96 3329 147 3376 700
172 3316 314 3395 tempore
338 3329 376 3375 eo
398 3310 496 3394 fiant,
514 3314 600 3396 quod
624 3313 726 3379 etesia
748 3314 850 3377 flabra
873 3313 1058 3394 aquilonum

173 3425 284 3489 nubila
307 3425 467 3490 coniciunt
490 3426 521 3488 in
547 3446 602 3491 eas
625 3435 699 3493 tune
723 3429 831 3494 omnia
853 3428 973 3512 partis:

152 3540 312 3624 seilicet,
330 3540 374 3604 ad
396 3539 535 3605 mediam
559 3541 722 3622 regionem
747 3545 850 3608 eieeta
873 3542 938 3607 diei

173 3673 242 3718 eum
266 3660 503 3730 convenerunt,
519 3655 564 3720 ibi
587 3656 629 3719 ad
652 3658 734 3722 altos
757 3657 896 3740 denique
920 3657 1036 3722 montis

173 3773 341 3832 contrusae
364 3769 466 3834 nubes
490 3776 645 3853 eoguntur·
667 3772 761 3853 vique
783 3778 988 3854 premuntur.

96 3901 147 3948 700
172 3881 308 3946 forsitan
331 3882 523 3968 Aethiopum
547 3885 673 3968 penitus
696 3886 736 3949 de
758 3885 919 3949 montibus
942 3884 1016 3946 aitis

178 4159 226 4205 708
246 4156 362 4219 Namque
388 4154 399 4225 Η
426 4161 475 4207 710
494 4157 585 4207 Utrum
604 4171 695 4220 genere
719 4156 815 4218 aliquid
841 4152 854 4222 l}
880 4153 1029 4203 contioitel.
1056 4150 1068 4218 11
1095 4155 1143 4200 tle
1168 4153 1256 4202 etesius
1283 4151 1296 4221 11

179 4247 226 4293 719
246 4245 327 4294 flabro
348 4242 361 4314 Η
384 4247 433 4294 723
452 4244 563 4293 Exerins
583 4243 596 4310 ΙΙ
619 4246 667 4292 726
688 4244 726 4292 rui
748 4242 761 4312 Η
783 4247 831 4292 727
852 4241 948 4292 amnis.
970 4242 982 4306 Η
1005 4241 1054 4288 730
1074 4255 1124 4300 quo
