3140 5032
432 1305 480 1386 n.
510 1301 803 1386 nuounur
834 1299 991 1384 <nuru
1082 1255 1084 1260 ’

255 1543 372 1640 on
419 1539 739 1640 annum
783 1535 1162 1640 urruns
1234 1472 1236 1476 ’

526 1787 666 1852 LIBER
694 1785 895 1850 SEXTUS.

147 2262 286 2370 Primae
308 2304 490 2388 frugiparos
513 2301 596 2368 letus
619 2301 805 2366 mortalibus
828 2302 935 2384 aegris

149 2420 330 2484 dididerunt
352 2417 515 2502 quondam
538 2417 703 2500 praeclaro
727 2417 854 2481 nomine
878 2417 1045 2490 Athenae,

152 2540 183 2598 et
204 2539 426 2598 recreaverunt
448 2533 544 2596 vitam
568 2534 721 2613 legesque
745 2537 914 2615 rogarunt,

151 2653 182 2714 et
204 2649 325 2732 primae
349 2648 505 2713 dederunt
527 2646 649 2712 solacia
672 2645 780 2710 dulcia
802 2646 905 2728 vitae,

109 2785 123 2832 s
150 2783 221 2828 cum
242 2783 382 2846 genuere
404 2763 506 2826 virum
528 2762 586 2826 tali
609 2783 681 2827 cum
705 2760 799 2824 corde
821 2765 1002 2843 repertum,

150 2879 256 2942 omnia
279 2877 420 2942 veridico
444 2877 496 2959 qui
521 2875 690 2960 quondam
706 2895 745 2940 ex
768 2895 822 2940 ore
845 2874 1005 2959 profudit3

151 2994 261 3067 ouius,
279 2999 310 3057 et
331 2992 481 3068 extincti,
497 2999 629 3076 propter
651 2991 761 3056 divina
783 2997 909 3074 reperta

149 3107 314 3188 divolgata
335 3113 427 3171 vetus
450 3107 516 3170 iam
539 3107 580 3169 ad
603 3107 727 3170 caelum
750 3105 854 3186 gloria
876 3103 995 3167 fertur.

148 3241 221 3285 nam
246 3242 316 3286 cum
340 3222 418 3285 vidit
442 3221 491 3285 hic
514 3221 557 3285 ad
579 3220 695 3284 victum
719 3239 802 3300 quae
824 3218 949 3299 flagitat
971 3237 1047 3282 usus

93 3358 124 3402 ro
151 3337 260 3402 omnia
283 3337 346 3400 iarn
369 3336 468 3402 ferme
492 3334 680 3400 mortalibus
703 3353 774 3398 esse
797 3339 932 3417 parata,

149 3457 199 3534 et,
217 3472 273 3534 pro
298 3461 392 3533 quam
417 3458 546 3535 posset,
563 3451 658 3514 vitam
683 3447 856 3514 consistere
878 3455 998 3530 tutam,

150 3564 268 3630 divitiis
290 3565 435 3630 homines
459 3566 632 3630 ethonore
658 3573 689 3630 et
710 3563 809 3629 laude
832 3563 970 3648 potentis

150 3679 284 3746 affluere
308 3688 402 3762 atque
424 3681 508 3744 bona
531 3687 699 3764 gnatorum
723 3680 881 3745 excellere
905 3679 1011 3763 lania,

150 3815 208 3860 neo
232 3796 336 3860 minus
359 3815 431 3860 esse
456 3796 540 3860 domi
565 3797 714 3876 cuiquam
738 3802 845 3859 tamen
868 3795 964 3858 anxia
987 3792 1104 3866 corda,

92 3929 124 3976 15
151 3915 246 3991 atque
270 3910 368 3974 animi
391 3911 526 3991 ingratis
548 3909 644 3972 vitam
669 3928 786 3972 vexere
810 3908 959 3988 querellis

149 4025 335 4108 passimque
357 4025 481 4090 infestis
504 4009 598 4108 cogei'
618 4023 741 4088 saevire
762 4020 910 4104 periclis,

154 4302 166 4347 l
188 4313 294 4361 aegros.
316 4297 329 4365 Η
350 4301 366 4346 4
385 4296 463 4346 solaci
485 4292 498 4363 d
520 4295 661 4344 lextinota
682 4293 694 4360 Η
718 4292 916 4342 sementalibus
941 4291 953 4358 lq
982 4295 1010 4339 ll
1031 4303 1133 4355 possent
1152 4293 1164 4362 ll
1187 4296 1218 4343 13
1232 4309 1275 4343 ex-

152 4387 245 4436 collere
265 4382 279 4453 Η
301 4388 332 4434 14
352 4385 439 4434 cordi.
460 4382 474 4453 ΙΙ
497 4386 528 4432 16
548 4383 634 4431 Pausa
652 4391 727 4445 atque
747 4376 762 4449 Η
783 4388 858 4442 coget
877 4377 891 4448 ΙΙ
911 4379 1045 4442 querellis.
