3108 5034
312 399 354 466 82
851 397 895 460 111

256 582 289 631 eo
313 565 449 649 percipit
470 565 627 630 humanos
649 563 758 630 odium
779 564 922 646 lueisqne
944 563 1122 642 videndae,

311 684 345 741 ut
368 678 427 743 sibi
451 680 650 744 eonseiseant
671 679 823 745 maerenti
846 684 974 762 pectore
997 680 1114 754 letum,

313 791 404 856 obliti
425 791 545 858 fontem
568 813 715 858 euramm
738 793 822 858 hune
845 813 917 859 esse
938 793 1107 868 timorem,

312 905 395 970 hune
416 926 535 972 vexare
558 908 730 990 pudorem,
748 907 832 972 hune
852 907 983 972 vinnula
1007 905 1158 971 nminitiai

310 1039 457 1103 rumpere
481 1027 512 1086 et
533 1022 566 1085 iu
588 1043 711 1087 summa
732 1023 884 1105 pietatem
905 1026 1048 1086 evertere
1071 1020 1206 1085 fraude:

253 1152 285 1199 85
310 1153 385 1197 nam
407 1135 470 1198 iam
494 1154 594 1219 saepe
618 1135 763 1200 hemines
785 1137 921 1220 petriam
944 1153 1102 1216 naresque
1124 1132 1265 1215 parentis

310 1246 537 1331 prodiderunt,
554 1248 655 1313 vitare
677 1247 851 1314 Acherusia
873 1248 991 1331 temple
1011 1253 1178 1331 petentes.

310 1381 386 1425 unm
408 1363 459 1427 vel
482 1363 525 1426 uti
547 1364 639 1447 pueri
660 1362 822 1447 trepidant
843 1370 938 1444 etque
962 1361 1070 1426 omnia
1092 1359 1197 1425 caeeis

309 1475 341 1538 in
364 1476 504 1540 tenebris
527 1482 688 1559 metuunt,
706 1476 752 1542 sie
774 1497 833 1542 nos
855 1476 889 1540 in
910 1476 983 1540 luee
1004 1475 1151 1540 timemus

309 1589 392 1654 inter·
414 1589 510 1672 dum,
528 1589 591 1653 nilo
615 1609 699 1670 quae
721 1597 795 1655 suut
816 1590 989 1656 metuenda
1011 1589 1116 1670 magis
1139 1609 1234 1669 quem

253 1723 286 1770 90
312 1723 394 1784 qnae
416 1703 509 1786 pueri
531 1703 564 1766 in
585 1703 727 1768 tenebris
750 1703 895 1788 pavitant
916 1703 1102 1786 finguntque
1124 1701 1250 1766 sutura.

310 1817 393 1881 hune
414 1816 510 1897 igitur
531 1821 685 1882 terrorem
707 1818 802 1882 animi
825 1819 1036 1899 tenebrasque
1058 1823 1221 1882 necessest

309 1951 374 1995 neu
395 1929 477 1994 radii
500 1930 579 1995 solis
601 1950 703 2014 neque
726 1933 833 1997 luei‘dn
854 1931 919 1997 tela
942 1931 1007 1996 diei

216 2053 221 2062 ¹
309 2044 498 2128 discutiant,
516 2045 575 2110 sed
598 2052 732 2110 naturae
754 2047 879 2130 speeies
902 2046 1069 2128 ratioque.

347 2157 488 2222 Primum
510 2160 647 2224 animum
670 2161 761 2244 dieu,
778 2167 915 2226 mentem
938 2179 1034 2241 qnam
1056 2176 1154 2242 saepe
1177 2174 1349 2232 vetemus,

251 2291 284 2339 95
308 2271 341 2336 in
365 2291 428 2353 qno
452 2273 619 2338 eonsilium
641 2275 725 2340 vitae
747 2275 956 2356 regimenque
978 2273 1117 2338 loentum
1140 2276 1208 2345 est,

310 2405 383 2452 esse
405 2386 543 2452 hominis
566 2394 691 2472 partem
713 2389 778 2452 nito
801 2389 905 2452 minus
928 2408 966 2452 ae
987 2406 1102 2450 manus
1125 2391 1155 2450 et
1177 2402 1236 2467 pes

307 2507 403 2582 etque
426 2501 529 2566 oeulei
551 2507 660 2584 partes
682 2502 852 2568 animantis
873 2503 969 2568 totins
996 2505 1124 2566 extant.

308 2747 435 2810 sensum
460 2729 558 2792 animi
581 2736 669 2796 eerta
691 2751 755 2796 nun
778 2749 849 2796 esse
872 2729 903 2793 in
928 2734 1020 2812 perte
1041 2727 1204 2807 leuatum,

306 2861 419 2906 verum
440 2841 584 2906 habitum
607 2844 768 2923 quendam
789 2842 919 2908 vitalem
942 2841 1086 2924 eorporis
1108 2859 1200 2916 esse,

235 2974 284 3020 100
308 2953 507 3019 harmoniam
532 2955 608 3020 Grai
631 2975 728 3036 quum
750 2957 877 3039 dieunt,
895 2954 981 3037 qnod
1003 2953 1103 3018 faeiat
1123 2973 1184 3018 nos

306 3068 413 3133 vivere
435 3088 507 3132 eum
528 3087 645 3153 sensu,
663 3071 753 3136 nulla
775 3091 847 3135 eum
868 3069 901 3135 in
923 3074 1016 3154 parte
1036 3069 1097 3134 siet
1116 3086 1225 3149 mens;

308 3188 343 3245 ut
364 3182 450 3247 bona
472 3203 573 3268 saepe
595 3184 748 3250 valetudo
772 3206 843 3250 eum
867 3184 982 3250 dieitur
1005 3203 1078 3248 esse
1147 3199 1150 3205 ·

308 3296 469 3380 eorporis,
486 3304 517 3362 et
538 3319 602 3364 nen
625 3305 803 3364 esttamen
826 3301 908 3364 heee
929 3319 1006 3383 pars
1028 3297 1096 3362 ulla
1118 3295 1274 3360 valentis.

307 3410 353 3475 sie
375 3406 473 3475 enimi
497 3432 625 3476 sensnm
648 3433 713 3476 non
735 3418 823 3478 eerta
845 3393 937 3496 parte
959 3416 1137 3494 reponunt3

234 3543 283 3590 105
307 3541 427 3604 magno
450 3503 547 3607 opere
569 3525 602 3589 in
625 3547 687 3607 quo
710 3527 754 3590 mi
777 3525 895 3591 diversi
918 3544 1025 3590 errare
1048 3525 1214 3589 videntur.

307 3655 407 3720 saepe
429 3637 557 3721 itaque,
574 3638 607 3702 iu
629 3644 778 3722 promptu
800 3658 917 3723 eorpus
939 3638 1026 3719 qnod
1049 3638 1205 3721 cernitur,
1222 3641 1353 3720 anguet,

307 3772 379 3817 eum
400 3759 509 3817 tamen
531 3771 572 3818 ex
594 3753 661 3817 elia
682 3753 841 3818 laetamur
863 3757 954 3835 purte
975 3752 1107 3818 latenti:

308 3872 341 3933 et
363 3873 445 3933 retro
468 3866 502 3931 fit
524 3866 570 3932 nti
592 3874 701 3946 centra
724 3867 765 3932 sit
786 3885 885 3950 saepe
911 3866 1070 3949 vicissim,

306 4000 378 4045 eum
399 3982 496 4048 miser
518 4001 559 4048 ex
581 3981 689 4047 animo
712 3981 851 4048 laetetur·
873 3999 1007 4065 eorpore
1029 3985 1118 4062 t0t0;

310 4245 342 4295 81
362 4248 519 4298 eouieisesnt
538 4246 552 4316 Η
572 4251 606 4298 84
624 4249 717 4312 pietate
738 4245 750 4317 Η
770 4249 875 4299 suadet.
895 4245 909 4316 Η
930 4248 962 4295 94
981 4260 1056 4307 quem
1076 4242 1089 4311 Η
1110 4245 1143 4292 95
1157 4249 1274 4290 vocatum
1295 4237 1309 4310 Η
1329 4241 1378 4290 100
1391 4247 1428 4290 ts-

310 4334 362 4386 cist
381 4333 395 4406 Η
416 4339 464 4385 106
484 4350 604 4400 aegrum.
626 4332 639 4404 Η
662 4337 710 4384 108
730 4336 773 4383 nbi
