3140 5036
295 385 356 448 172
839 383 867 446 V

292 548 466 615 seminibus
488 552 649 632 multoque
673 551 838 616 minoribu’
862 560 935 617 suut
956 554 1122 620 elementis

294 683 388 746 quarn
412 665 504 729 tellus
518 713 525 728 .
540 665 613 729 ideo
626 716 633 741 ‚
649 683 706 748 per
728 685 802 731 rara
824 666 1001 745 foramina,
1017 673 1123 734 terrae

290 778 434 863 partibus
457 798 627 863 erumpens
650 779 768 862 primus
791 800 826 845 se
849 782 974 846 sustulit
995 782 1104 846 aether

291 893 406 975 ignifer
429 898 461 958 et
481 893 596 958 multos
619 913 727 958 seeum
749 894 828 958 levis
851 895 983 960 abstulit
1003 895 1108 979 ignis,

217 1028 268 1074 400
294 1029 357 1073 non
381 1007 444 1072 alia
464 1007 560 1091 longe
582 1008 706 1073 ratione
728 1028 767 1072 ae
788 1027 887 1092 saepe
909 1008 1075 1087 videntur,

292 1141 390 1186 aurea
412 1121 640 1204 cumprimum
663 1121 855 1202 gemmantis
877 1141 949 1186 rore
971 1143 1030 1206 per
1052 1124 1170 1190 herbas

294 1235 448 1299 matutina
469 1235 584 1299 rubent
604 1234 719 1299 radiati
742 1235 865 1300 lumina
888 1236 984 1316 solis,

293 1350 424 1414 exalare
445 1348 535 1412 lacus
557 1347 705 1412 nebulam
728 1347 877 1430 fluviique
899 1368 1079 1433 perennes,

292 1462 428 1545 ipsaque
452 1467 486 1525 ut
508 1463 590 1525 inter
611 1461 684 1525 dum
709 1463 804 1528 tellus
827 1461 951 1528 fumare
973 1463 1118 1548 videtur;

219 1597 270 1644 404
296 1575 404 1640 omnia
428 1598 510 1661 quae
533 1597 659 1642 sursum
682 1596 752 1640 eum
775 1577 1003 1662 conciliantur,
1019 1578 1053 1641 in
1075 1579 1140 1644 alto

295 1711 428 1777 eorpore
451 1699 596 1758 senoreto
621 1689 794 1754 subtexunt
817 1691 927 1756 nubila
950 1693 1095 1757 eaelum.

296 1805 342 1870 sio
364 1807 459 1888 igitur
481 1813 547 1871 tum
570 1825 605 1872 se
628 1804 709 1869 levis
731 1825 769 1869 ae
792 1804 941 1871 diffusilis
964 1807 1075 1872 aether

292 1940 425 2003 eorpore
448 1925 596 1984 eonereto
620 1920 736 1985 eireum
761 1919 853 1984 datus
876 1920 1017 2003 undique
1039 1921 1128 1987 flexit

293 2039 325 2097 et
346 2035 412 2098 late
436 2033 567 2099 diffusus
591 2035 624 2098 in
648 2035 750 2099 omnis
772 2034 911 2116 undique
934 2036 1033 2118 partis

218 2169 269 2214 410
294 2149 400 2212 omnia
423 2149 467 2213 sio
490 2148 584 2213 avido
608 2149 777 2233 complexu
800 2154 905 2214 oetera
927 2150 1067 2233 saepsit.

293 2263 376 2328 huno
399 2262 532 2328 exordia
555 2269 628 2328 sunt
650 2263 728 2329 solis
750 2263 911 2344 lunaeque
935 2269 1067 2342 secuta,

292 2378 511 2458 interutraque
534 2377 622 2460 globi
646 2397 778 2459 quorum
801 2383 965 2442 vertuntur
987 2379 1019 2441 in
1042 2379 1150 2463 auris3

294 2511 376 2574 quae
399 2511 502 2573 neque
525 2497 609 2556 terra
632 2490 693 2555 sibi
716 2491 851 2556 adscivit
872 2511 930 2557 neo
952 2464 1110 2558 niaximus
1133 2495 1262 2572 aether,

299 2603 385 2687 quod
408 2625 511 2687 neque
534 2611 600 2671 tarn
624 2603 748 2669 fuerunt
770 2584 882 2686 gravia
904 2612 938 2670 ut
961 2607 1116 2690 depressa
1139 2585 1304 2692 sederent,

219 2740 270 2787 475
295 2740 355 2784 neo
376 2719 463 2784 levia
484 2723 519 2782 ut
540 2725 673 2803 possent
694 2740 751 2803 per
774 2739 914 2785 summas
936 2721 1039 2786 labier
1062 2743 1155 2814 oras,

295 2839 455 2900 ettamen
477 2835 692 2915 interutraque
715 2835 758 2898 ita
782 2840 874 2912 sunt,
890 2841 925 2898 ut
948 2855 1081 2920 corpora
1102 2837 1177 2902 viva

293 2954 421 3014 versent
443 2956 474 3014 et
496 2954 604 3033 partes
626 2954 661 3012 ut
683 2948 792 3012 mundi
815 2949 911 3014 totius
936 2955 1064 3029 extent;

295 3063 379 3146 quod
402 3083 503 3148 genus
526 3063 558 3126 in
581 3064 674 3128 nobis
697 3063 854 3145 quaedam
877 3063 950 3129 lieet
972 3065 1005 3128 in
1028 3066 1164 3134 statione

295 3179 439 3242 membra
463 3199 616 3256 manere,
632 3185 740 3244 tamen
762 3198 834 3244 oum
858 3179 920 3242 siut
944 3198 984 3243 ea
1008 3198 1092 3261 quae
1114 3171 1320 3246 moveanfur.

220 3314 271 3360 440
294 3292 345 3358 his
366 3291 461 3375 igitur
484 3292 579 3357 rebus
602 3293 746 3358 retraotis
769 3298 854 3357 terra
878 3300 1026 3377 repente,

295 3427 446 3471 maxuma
469 3427 533 3489 qua
555 3425 640 3472 nuno
663 3427 697 3472 se
720 3406 808 3490 ponti
830 3407 930 3490 plaga
953 3407 1085 3472 caerula
1107 3407 1228 3491 tendit,

295 3520 427 3586 succidit
450 3527 481 3587 et
504 3521 589 3586 salso
613 3520 744 3586 suffudit
764 3521 890 3604 gurgite
912 3521 1037 3586 fossas.

292 3636 390 3718 inque
413 3635 483 3701 dies
506 3641 624 3718 quanto
648 3635 766 3700 oiroum
788 3635 892 3716 magis
915 3635 1056 3700 aetheris
1079 3642 1187 3701 aestus

296 3757 328 3817 et
349 3749 430 3814 radii
453 3749 530 3815 solis
554 3749 711 3833 cogebant
734 3749 875 3830 undique
898 3754 1039 3833 terram,

220 3885 271 3933 485
297 3865 483 3932 verberibus
506 3864 626 3931 erebris
649 3869 789 3928 extrema
812 3862 962 3928 alimini
986 3869 1077 3950 parte

298 4049 497 4057 -—---—-—..

299 4169 350 4218 468
364 4176 389 4218 et
408 4167 421 4236 ll
442 4169 493 4217 460
510 4167 638 4218 videmus.
660 4163 672 4235 Η
692 4168 743 4215 463
757 4166 916 4228 Exulantque
936 4163 949 4235 ll
969 4167 1020 4216 468
1033 4165 1142 4230 saepsit.
1163 4161 1176 4232 ll
1196 4163 1421 4216 4141404144-

298 4269 346 4318 que
367 4252 380 4323 Η
400 4258 451 4305 476
469 4255 535 4305 inter
547 4262 665 4318 utrasque
685 4249 699 4321 ΙΙ
719 4255 768 4303 481
782 4255 857 4318 plage
879 4249 892 4320 Η
912 4255 963 4303 482
976 4254 1054 4303 salsos
1067 4251 1159 4302 offudit
1179 4248 1191 4320 ll
1212 4251 1262 4304 485
1282 4251 1314 4304 ad
1327 4251 1420 4310 limina

300 4350 396 4405 partem
408 4379 413 4390 .
