3108 5034
720 387 751 452 ΙΙ

96 579 147 628 445
174 559 255 624 haec
278 559 380 638 magis
402 560 517 623 amatis
539 559 621 623 inter
643 577 715 622 sese
737 577 808 622 esse
829 559 992 624 necessest

173 643 218 738 et*
228 673 317 754 qnasi
340 671 477 738 ramosis
500 673 564 744 alte
587 677 752 754 compacta
773 671 896 737 teneri.

170 787 204 850 in
228 809 289 868 quo
312 787 376 850 iam
397 804 516 869 genere
537 787 570 850 in
592 785 702 870 primis
725 784 933 849 adamantina
956 805 1035 850 saxa

171 901 277 984 prima
300 901 370 964 acie
393 905 560 984 constant,
576 901 658 964 ictus
681 904 882 964 contemnere
905 906 1015 985 sueta,

174 1020 206 1078 et
226 1013 325 1080 validi
349 1015 474 1092 silices,
491 1035 529 1080 ac
551 1015 621 1079 duri
644 1015 760 1079 robora
782 1011 878 1097 ferri,

94 1147 147 1196 450
173 1147 313 1210 aeraque
337 1148 420 1210 quac
443 1129 590 1194 claustris
612 1128 767 1194 restantia
788 1126 1019 1194 vociferantur.

170 1242 227 1305 illa
250 1242 378 1323 quidem
401 1243 520 1307 debent
542 1264 559 1306 e
581 1243 706 1308 levibus
729 1249 824 1323 atque
846 1243 990 1306 rutundis

174 1375 245 1420 5555
268 1357 391 1439 magis,
408 1356 528 1422 fluvido
553 1377 633 1438 quae
657 1375 790 1441 corpore
812 1356 938 1437 liquida
961 1362 1128 1422 constant.

174 1490 312 1552 namque
334 1471 506 1555 papaveris
527 1471 661 1536 haustus
683 1471 788 1535 itemst
808 1469 916 1534 facilis
939 1471 1032 1550 quasi
1054 1491 1230 1552 aquarum:

172 1603 232 1648 nec
254 1583 427 1646 retinentur
450 1585 534 1649 enim
557 1585 639 1650 inter
662 1605 696 1649 se
718 1585 949 1668 glomeramina
974 1605 1139 1666 quaeque,

93 1718 145 1765 455
172 1703 204 1762 55
225 1715 394 1780 procursus
414 1699 491 1762 item
512 1700 654 1791 proclive
676 1698 826 1763 volubilis
849 1704 973 1762 exstat.

170 1811 277 1875 omnia
298 1818 459 1894 postremo
482 1833 565 1895 quae
587 1821 703 1898 puncto
726 1819 870 1896 tempore
893 1812 997 1878 cernis

170 1925 325 2006 diffugere
339 1974 347 2009 ,
363 1931 397 1988 ut
419 1926 536 1990 fumum
560 1929 697 1992 nebulas
719 1927 949 2010 flammasque,
966 1934 1148 2011 necessest,

169 2041 195 2106 si
218 2039 323 2103 minus
344 2040 481 2104 omnibu’
505 2048 578 2106 sunt
600 2061 618 2106 e
640 2042 764 2106 levibus
788 2048 883 2122 atque
904 2040 1068 2124 rutundis,

170 2160 204 2219 at
226 2175 290 2219 non
314 2173 385 2218 esse
407 2161 515 2219 tamen
536 2156 698 2238 perplexis
721 2154 928 2237 indupedita,

93 2289 145 2335 460
170 2287 312 2352 pungere
334 2268 378 2332 uti
400 2269 525 2352 possint
547 2288 663 2352 corpus
685 2274 917 2351 penetrareque
940 2287 1032 2351 sese,

169 2400 228 2447 nec
250 2388 359 2447 tamen
380 2383 514 2448 haerere
535 2383 619 2446 iuter
640 2403 694 2465 se,
712 2381 798 2464 quod
820 2401 954 2462 cumque
978 2391 1165 2449 venenumst

171 2497 322 2580 sensibu',
339 2497 396 2562 sed
419 2517 523 2561 rarum
538 2548 544 2578 ,
562 2496 659 2562 facile
681 2501 716 2560 ut
738 2515 932 2576 cognoscere
955 2496 1061 2580 possis

168 2631 232 2675 non
256 2630 273 2673 e
295 2611 459 2694 perplexis
482 2611 539 2676 scd
562 2611 664 2675 acutis
688 2631 758 2674 esse
768 2610 966 2674 elementis.

169 2725 227 2790 sed
250 2724 335 2806 quod
358 2743 469 2787 amara
490 2724 581 2789 vides
604 2724 720 2789 eadem
744 2743 825 2804 quac
847 2722 966 2788 fluvida
989 2729 1153 2808 constant,

92 2861 144 2908 465
170 2839 266 2904 sudor
287 2839 332 2901 uti
354 2839 453 2904 maris
477 2844 545 2922 est,
562 2839 691 2903 minime
713 2839 859 2903 mirabile
881 2837 1036 2903 habebis:

168 2973 243 3017 nam
267 2954 350 3034 quod
374 2953 510 3018 fluvidus
533 2961 637 3038 cst,e
659 2955 780 3018 levibus
800 2959 897 3034 atque
919 2951 1062 3018 rutundis

169 3074 236 3144 est,
255 3073 287 3131 et
308 3067 421 3131 levibu’
446 3075 518 3131 sunt
541 3068 670 3131 aliunde
693 3067 837 3130 admixta
859 3067 980 3130 doloris

170 3199 324 3263 corpora.
341 3199 401 3244 nee
422 3186 528 3245 tamen
550 3183 633 3246 haec
655 3179 783 3244 retineri
805 3179 937 3244 hamata
959 3187 1157 3246 necessumst
1170 3185 1185 3244 ι’
1265 3217 1279 3224 ··

170 3294 290 3358 scilicet
312 3315 383 3359 esse
407 3295 543 3376 globosa
566 3302 693 3378 tamen,
712 3314 782 3358 oum
805 3292 953 3374 squalida
975 3299 1141 3370 constent,

91 3430 144 3476 470
169 3408 315 3492 provolvi
338 3408 430 3473 simul
453 3415 486 3472 ut
507 3409 632 3493 possint
655 3413 687 3473 et
708 3409 837 3472 laedere
860 3427 992 3472 sensus.

172 3527 204 3588 et
226 3541 287 3602 quo
311 3523 410 3588 mixtu
432 3530 526 3608 putes
549 3523 653 3607 magis
676 3543 794 3607 aspera
815 3523 938 3588 levibus
961 3542 1032 3588 esse

169 3636 356 3720 principiis,
372 3637 456 3702 unde
480 3643 529 3702 est
550 3639 689 3722 Neptuni
713 3655 827 3723 corpus
851 3639 1021 3723 acerbum,

170 3756 219 3815 est
240 3751 322 3816 ratio
345 3752 534 3816 secernendi
556 3771 765 3834 seorsumque
785 3752 935 3817 videndi:

92 3887 144 3935 476
170 3864 285 3946 linquit
308 3867 392 3930 enim
415 3885 531 3950 supera
553 3867 646 3932 taetri
669 3867 844 3951 primordia
866 3868 925 3931 viri

173 4084 225 4132 450
238 4097 300 4130 voce
313 4081 442 4130 ferantur.
462 4077 477 4148 Η
497 4083 546 4130 451
562 4096 594 4129 ex
614 4079 626 4147 Η
647 4084 696 4130 452
715 4095 823 4143 corpora
843 4076 855 4146 Η
876 4081 926 4128 453
939 4073 1008 4140 quod
1028 4079 1041 4145 Η
1063 4073 1112 4130 455
1132 4082 1261 4144 perculsus
1281 4079 1294 4148 Η

174 4163 365 4234 4580551511
386 4169 437 4215 460
461 4181 539 4215 sarra.
560 4165 573 4234 Η
594 4171 642 4217 461
668 4167 797 4224 videmus.
818 4162 831 4232 Η
852 4165 902 4213 462
927 4165 1042 4213 sedatum
1061 4164 1074 4232 Η
1094 4169 1145 4215 465
1171 4165 1260 4215 debet.
1282 4165 1295 4232 Η

174 4257 224 4304 467
245 4270 259 4303 5
283 4253 380 4303 levibus
405 4261 480 4315 atque
503 4254 605 4302 rutundi
625 4250 639 4321 Η
658 4255 710 4304 468
732 4252 840 4301 retinere
863 4251 950 4300 hamat
973 4267 1093 4302 necessu.
1115 4247 1128 4320 Η
1148 4254 1198 4300 469
1225 4267 1296 4304 cons·

173 4350 226 4392 tet.
248 4341 262 4410 Η
282 4344 331 4390 471
353 4341 421 4404 quod
441 4335 454 4408 Η
475 4343 525 4390 476
544 4339 632 4403 Inquit
652 4338 665 4409 Η
684 4338 783 4388 mordis
