3108 5034
275 343 381 442 Ι66
886 371 916 436 11

265 563 315 610 600
339 539 494 620 religione
517 538 656 602 animum
679 540 762 624 turpi
785 539 970 622 contingere
993 545 1122 622 parcat.

265 678 315 724 660
382 655 488 736 Saepe
510 653 619 734 itaque
642 672 682 717 ex
704 673 768 718 uno
790 655 961 720 tondentes
983 654 1132 734 gramina
1153 673 1266 736 campo

337 769 499 851 lanigerae
521 767 662 850 pecudes
686 773 717 832 et
739 783 890 848 equorum
912 767 1051 832 duellica
1072 768 1179 850 proles

340 881 551 962 buceriaeque
573 899 687 965 greges
709 879 822 944 eodem
846 883 904 946 sub
928 881 1067 963 tegmine
1090 880 1171 946 caeli

340 1017 381 1062 ex
404 1015 531 1076 unoque
554 994 635 1059 sitim
658 993 812 1060 sedantes
834 994 963 1060 flumine
982 995 1080 1076 aquai

341 1109 486 1175 dissimili
507 1109 614 1173 vivont
635 1108 742 1193 specie
755 1159 762 1186 ‚
777 1107 979 1190 retinentque
1002 1113 1171 1192 parentum

265 1245 315 1292 660
340 1228 488 1288 naturam
511 1229 542 1287 et
564 1241 667 1287 mores
689 1223 867 1303 generatim
891 1243 1035 1310 quaeque
1058 1223 1241 1286 imitantur.

340 1343 430 1401 00000
453 1344 520 1413 000,
538 1337 571 1400 in
594 1337 706 1418 quovis
729 1356 848 1417 genere
870 1336 1011 1415 herbae,
1028 1336 1176 1402 materiai

333 1449 504 1516 'dissimilis
526 1451 629 1532 ratio,
645 1456 736 1515 tanta
758 1457 806 1516 600
827 1451 860 1515 in
881 1451 1010 1516 flumine
1033 1471 1182 1534 quoque.

340 1565 415 1628 hino
436 1585 530 1648 porro
555 1565 700 1646 quamvis
723 1565 914 1630 animantem
937 1585 977 1630 ex
1001 1567 1147 1632 omnibus
1169 1587 1266 1630 unam

341 1698 417 1742 ossa
439 1697 530 1742 cruor
551 1698 652 1745 venae
675 1679 763 1743 calor
784 1700 875 1745 umor
897 1681 1021 1744 viscera
1043 1683 1132 1747 nervi

267 1812 316 1859 auo
343 1792 556 1876 constituunt3
574 1813 657 1874 quae
680 1800 752 1858 sunt
772 1815 868 1878 porro
892 1795 1041 1860 distantia
1063 1796 1182 1876 longe,

341 1906 489 1970 dissimili
510 1906 653 1990 perfecta
674 1907 776 1988 figura
797 1909 1044 1992 principiorum.

340 2026 406 2084 tum
429 2041 522 2104 porro
546 2041 630 2103 quae
653 2042 787 2104 cumque
808 2024 875 2104 igni
897 2023 1058 2088 flammata
1080 2030 1279 2099 cremantur,

343 2135 368 2198 si
392 2135 435 2198 nil
457 2142 625 2218 praeterea
638 2188 645 2213 ,
660 2142 767 2202 tamen
790 2139 870 2203 0006
892 2139 924 2201 in
947 2157 1081 2222 corpore
1105 2137 1231 2213 celant,

341 2247 426 2314 unde
448 2250 555 2333 ignem
577 2250 682 2314 iacere
705 2249 863 2316 etlumen
886 2252 1079 2316 summittere
1101 2251 1226 2336 possint

268 2383 317 2430 era
343 2364 562 2446 scintillasque
585 2383 683 2446 agere
705 2384 745 2428 ac
768 2365 831 2428 late
854 2364 981 2430 differre
1003 2364 1166 2430 favillam.

343 2483 450 2542 cetera
473 2477 631 2542 consimili
651 2478 765 2542 mentis
788 2478 910 2544 ratione
930 2498 1106 2561 peragrans

343 2593 486 2658 invenies
509 2593 603 2676 igitur
624 2592 791 2659 multarum
813 2593 935 2658 semina
958 2613 1062 2658 rerum

343 2727 476 2790 corpore
500 2708 605 2772 celare
628 2713 660 2772 00
682 2709 786 2784 varias
809 2707 961 2772 cohibere
983 2707 1123 2790 figuras.

343 2821 481 2901 denique
503 2821 602 2882 multa
624 2821 734 2902 vides,
759 2821 874 2901 quibus
897 2828 928 2885 et
950 2821 1037 2885 color
1060 2827 1092 2886 et
1114 2840 1212 2904 sapor
1235 2841 1299 2886 una

268 2957 316 3002 681
344 2934 468 3000 reddita
491 2939 564 2997 sunt
586 2953 657 2996 oum
680 2933 797 3017 odore,
814 2935 848 2996 in
870 2934 967 3016 privis
990 2936 1145 3018 pluraque
1168 2935 1274 3000 dona.

343 3049 425 3113 haec
447 3047 542 3129 igitur
564 3049 661 3112 variis
684 3051 802 3116 debent
825 3054 972 3114 constare
994 3049 1123 3132 figuris:

344 3162 437 3228 nidor
460 3164 545 3227 enirn
567 3170 714 3248 penetrat
736 3183 798 3244 qua
820 3164 912 3228 sucus
934 3185 999 3228 non
1021 3164 1045 3228 it
1065 3165 1099 3226 in
1122 3171 1229 3246 artus,

341 3277 433 3342 fucus
457 3278 532 3342 item
556 3299 697 3360 sorsum,
714 3298 840 3342 sorsum
862 3299 960 3362 sapor
982 3278 1161 3342 insinuatur

269 3413 318 3458 600
344 3392 490 3456 sensibus
504 3415 511 3469 ;
527 3397 561 3454 ut
582 3411 699 3456 000000
720 3391 819 3473 privis
843 3393 972 3456 differre
994 3392 1125 3474 figuris.

342 3505 513 3569 dissimiles
535 3505 629 3587 igitur
651 3504 773 3568 formae
796 3505 1016 3585 glomeramen
1039 3507 1071 3570 in
1094 3526 1190 3568 unum

343 3618 555 3695 conveniunt,
572 3626 603 3681 et
625 3639 676 3682 res
698 3618 855 3700 permixto
878 3621 998 3686 semine
1020 3627 1185 3685 constant.
1208 3697 1210 3702 Ι

343 3733 418 3814 quin
441 3733 535 3797 etiam
558 3732 677 3815 passim
701 3731 816 3796 nostris
838 3734 872 3798 in
894 3735 1039 3800 uersibus
1062 3734 1141 3817 ipsis

343 3847 443 3912 multa
467 3848 624 3912 elementa
646 3846 739 3912 vides
761 3848 867 3912 multis
890 3849 1070 3913 eommunia
1092 3847 1217 3924 066060,

344 4031 545 4040 w

348 4148 398 4197 680
422 4157 527 4212 parato.
549 4146 571 4217 Η
583 4150 633 4198 668
657 4149 770 4200 sedentes
791 4146 804 4218 Η
825 4152 875 4200 664
899 4148 1022 4200 retinente
1044 4157 1163 4214 parente.
1184 4145 1198 4218 ΙΙ
1219 4149 1269 4198 668
1292 4162 1359 4196 una.
1381 4143 1395 4214 ΙΙ
1416 4149 1470 4198 673

345 4235 494 4284 traduntur.
515 4234 527 4301 ΙΙ
548 4237 599 4282 674
616 4236 677 4299 igue
698 4238 711 4304 Η
732 4240 780 4286 681
800 4237 888 4300 primis
910 4237 1029 4302 pleraque
1050 4234 1062 4303 ΙΙ
1084 4238 1134 4284 683
1153 4249 1227 4284 00600
1247 4232 1332 4304 10684
1351 4234 1434 4283 Sucus
1456 4236 1470 4304 Η

347 4336 444 4370 sorsum
462 4321 557 4372 semel.
578 4324 590 4390 Η
612 4325 661 4370 686
680 4324 767 4388 primis
