3108 5034
691 410 724 474 11

145 580 266 662 pabula
289 600 359 643 cum
380 580 533 662 praebet,
551 579 666 660 quibus
688 599 799 644 omnes
822 601 955 664 corpora
982 589 1117 664 pascunt

147 682 326 758 et'dulcem
351 693 470 757 ducunt
490 693 588 757 vitam
612 692 797 774 prolemque
820 703 1022 778 propagant;

112 851 115 860 .
147 826 209 886 qua
231 812 361 890 propter
382 807 494 871 merito
517 805 695 870 maternum
718 825 835 872 nomen
858 807 975 892 adepta
996 815 1063 874 est.

147 918 231 984 cedit
253 921 328 985 item
351 927 456 997 retro,
475 919 515 982 dc
537 925 620 983 terra
643 918 727 1001 quod
750 919 810 984 fuit
831 927 927 1004 ante,

63 1053 130 1099 1000
147 1033 181 1096 in
203 1040 324 1110 terras,
342 1039 373 1096 et
394 1033 479 1113 quod
503 1034 664 1098 missumst
688 1054 728 1098 ex
751 1035 890 1100 aetheris
913 1035 999 1113 oris,

144 1147 177 1210 id
200 1167 325 1212 rursum
347 1147 428 1212 caeli
451 1148 597 1212 rellatum
620 1149 740 1232 templa
760 1156 945 1233 receptant.

145 1281 205 1326 nec
228 1262 273 1326 sic
296 1261 455 1325 interemit
477 1281 561 1324 mors
584 1280 658 1339 res,
674 1267 708 1324 ut
729 1263 873 1328 materiai

148 1394 283 1458 corpora
306 1373 473 1456 conficiat,
491 1373 549 1438 sed
572 1381 695 1440 coetum
720 1377 866 1461 dissupat
888 1378 981 1443 ollis:

146 1488 222 1553 inde
245 1486 317 1552 aliis
340 1487 425 1552 aliud
450 1489 670 1573 coniungitur,
688 1497 719 1554 et
740 1491 775 1554 fit
797 1497 831 1554 ut
853 1510 962 1556 omnes

61 1622 129 1669 1005
147 1623 199 1666 res
221 1601 265 1665 ita
288 1607 472 1666 convertant
495 1599 615 1668 formas
639 1609 821 1685 mutentque
844 1606 967 1669 colores

147 1721 179 1778 et
200 1715 328 1797 capiant
350 1733 463 1779 sensus
485 1720 516 1778 et
539 1721 655 1798 puncto
678 1723 821 1800 tempore
843 1718 998 1802 reddant,

145 1835 179 1892 ut
200 1847 316 1892 noscas
339 1828 457 1892 referre
480 1829 593 1894 eadem
618 1831 792 1913 primordia
814 1851 919 1896 rerum

146 1962 216 2006 cum
241 1942 355 2022 quibus
378 1948 409 2006 00
432 1944 519 2022 quali
542 1945 686 2026 positura
709 1946 932 2011 contineantur·

145 2061 176 2118 et
198 2075 278 2136 quos
300 2055 382 2120 inter
404 2076 438 2119 se
462 2057 537 2119 dent
558 2064 662 2122 motus
685 2061 928 2144 accipiantque,
1019 2117 1023 2122 .

61 2191 129 2238 1010
146 2189 228 2234 neve
250 2175 342 2252 putes
364 2175 498 2233 aeterna
520 2189 620 2253 penes
642 2169 782 2234 residere
804 2179 934 2254 potesse

144 2303 280 2366 corpora
303 2283 535 2366 prima‚‘quod
558 2283 590 2344 in
614 2283 733 2348 cunctis
756 2283 878 2348 fluitare
900 2284 1044 2350 videmus

145 2381 248 2462 rebus'
261 2403 292 2460 et
313 2397 394 2460 inter
416 2395 492 2458 dum
513 2397 604 2461 nasci
626 2397 795 2478 subitoque
816 2398 940 2481 perire.

185 2504 399 2597 [Quinetiam
421 2509 520 2574 refert
542 2511 659 2576 nostris
681 2512 715 2574 in
738 2512 882 2576 versibus
905 2513 983 2595 ipsis

142 2645 213 2689 oum
238 2625 353 2706 quibus
376 2631 407 2688 et
429 2625 516 2706 quali
539 2625 602 2688 sint
624 2624 737 2688 ordine
760 2644 905 2706 quaeque
927 2627 1054 2691 iocata.

60 2759 125 2805 1017
144 2739 170 2802 si
194 2759 258 2803 non
281 2741 390 2802 omnia
413 2740 677 2815 sunt‚atn1ulto
701 2740 843 2803 niaxirna
865 2760 941 2822 pars
965 2747 1012 2804 est

144 2852 339 2917 consimilis:
358 2873 466 2918 verum
489 2853 634 2937 positura
657 2853 863 2937 discrepitant
888 2873 961 2918 res.

143 2966 189 3030 sic
210 2966 289 3050 ipsis
311 2967 344 3030 in
367 2968 462 3032 rebus
484 2968 559 3032 item
582 2969 644 3032 iam
668 2969 812 3032 materiai

60 3101 124 3146 1021
144 3100 317 3146 concursus
341 3087 444 3146 motus
466 3082 545 3146 ordo
567 3083 711 3165 positura
733 3081 854 3162 figurae

142 3214 214 3257 curn
236 3197 474 3278 permutantur,
491 3197 603 3259 mutari
626 3215 679 3261 res
703 3215 829 3276 quoque
852 3194 988 3259 debent.

182 3309 274 3372 Nunc
296 3309 437 3372 animum
461 3308 553 3373 nobis
575 3308 693 3374 adhibe
715 3329 825 3372 veram
848 3307 891 3372 ad
912 3309 1088 3373 rationem.

142 3441 216 3482 narn
238 3422 296 3486 tibi
318 3429 482 3486 vernenter
503 3425 587 3485 nov'a
611 3443 662 3486 res
684 3422 812 3486 molitur
834 3423 876 3486 ad
899 3423 986 3487 auris

60 3554 126 3600 1000
143 3533 290 3600 accidere
313 3542 344 3600 et
366 3532 507 3600 nova‘se
530 3535 654 3618 species
677 3536 846 3602 ostendere
868 3557 992 3602 rerum.

142 3645 201 3710 sed
223 3667 327 3729 neque
349 3655 415 3712 tam
437 3648 541 3714 facilis
564 3671 615 3715 res
638 3650 704 3714 ulla
726 3656 795 3733 est,
813 3653 890 3732 quin
913 3670 953 3716 ea
975 3652 1110 3735 primum

144 3758 284 3826 difficilis
307 3763 411 3846 magis
432 3763 475 3827 ad
499 3764 692 3828 credendum
717 3771 857 3842 constet,
874 3765 1013 3846 itemque

1161 3631 1179 3663 Ι

142 3917 344 3926 -—-—-.—-—

108 3985 119 4002 ⁴
146 4002 197 4049 998
221 4001 338 4064 adempta
363 3999 376 4069 Η
404 4005 470 4051 1000
494 4003 584 4052 missus
607 3999 621 4070 Η
649 4005 715 4050 1002
740 4012 768 4052 00
791 4019 829 4052 res
854 4001 867 4070 Η
895 4006 962 4052 1004
985 4003 1119 4066 coniungit
1141 4013 1166 4054 et
1188 4006 1268 4054 efficit

146 4105 249 4138 omnes.
275 4084 288 4154 ΙΙ
315 4090 380 4137 1007
405 4103 493 4136 earum
517 4087 529 4155 Η
557 4091 622 4136 1011
648 4089 751 4137 summis
778 4088 790 4156 Η
820 4091 1054 4148 1015=1,820.
1078 4086 1092 4155 Η
1122 4093 1188 4139 1016
1209 4091 1266 4153 Sig-

145 4176 251 4224 nificant
273 4177 360 4224 eadem
385 4175 469 4237 fruges
491 4175 594 4224 arbusta
612 4174 765 4222 animantis.
793 4170 806 4240 Η
834 4176 899 4221 1017
920 4173 970 4220 sint
995 4170 1007 4240 Η
1031 4190 1077 4236 par
1102 4175 1113 4240 Η
1140 4178 1206 4224 1020
1226 4177 1268 4222 In-

146 4262 250 4310 tervalla
268 4262 322 4310 vias
341 4276 453 4310 conexus
470 4262 583 4324 pondera
606 4262 726 4324 plagaes.
751 4255 764 4326 Η
791 4261 857 4308 1023
877 4258 1042 4308 adhibueram
1068 4257 1081 4327 Η
1109 4263 1176 4310 1024
1195 4261 1268 4312 vehe-

146 4356 242 4399 mentes
262 4347 274 4416 Η
298 4351 364 4398 1020
383 4348 512 4398 Accedere
