3140 5032
286 399 350 464 226
826 395 871 459 Vl

284 567 389 647 guttai
413 566 467 630 vix
490 567 591 630 instar
613 571 705 632 erunt
727 567 821 630 unius
844 565 1051 648 adaugmen;

210 703 260 749 610
286 703 348 763 quo
372 681 476 746 minus
499 688 547 746 est
570 682 682 745 mirum
707 703 793 746 mare
816 703 880 746 non
903 701 1078 763 augescere
1101 704 1270 765 magnum.

285 802 454 880 praeterea
477 817 628 876 magnam
652 797 700 861 sol
721 803 844 880 partem
868 796 1006 860 detrahit
1028 803 1139 860 aestu.

286 909 403 995 quippe
425 910 569 976 videmus
594 911 676 974 enim
699 912 799 976 restis
822 931 932 976 umore
955 909 1113 976 madentis

285 1025 448 1090 exsiccare
471 1026 538 1090 suis
561 1025 662 1091 radiis
685 1025 864 1090 ardentibu'
889 1025 1010 1090 solem:

285 1146 319 1204 at
342 1139 459 1222 pelage
482 1141 583 1206 multa
607 1148 637 1205 et
659 1141 723 1206 late
747 1142 909 1206 substrata
931 1141 1098 1206 videmus.

209 1275 259 1321 620
285 1254 419 1337 proinde
443 1256 517 1320 lieet
540 1257 686 1338 quamvis
713 1275 754 1321 ex
777 1277 839 1320 uno
863 1275 989 1338 quoque
1012 1255 1083 1334 loeo
1108 1256 1157 1319 sol

283 1369 402 1434 umoris
425 1391 557 1454 parvam
580 1371 701 1436 delibet
722 1372 763 1436 ab
788 1391 928 1452 aequore
951 1375 1094 1453 partem:

283 1483 416 1564 largiter
435 1485 469 1548 in
491 1490 581 1579 tento
604 1486 708 1569 spatio
731 1491 838 1550 tamen
862 1484 988 1549 auferet
1011 1485 1126 1550 undis.

282 1606 349 1663 tum
371 1620 467 1683 porro
490 1601 574 1664 venti
599 1619 726 1681 quoque
749 1619 900 1680 magnam
923 1598 1036 1664 tollere
1061 1606 1182 1681 partem

281 1716 401 1779 umoris
423 1721 557 1798 possunt
578 1722 743 1780 verrentes
767 1734 929 1797 aequora,
947 1715 1049 1779 ventis

208 1848 258 1895 620
282 1849 346 1892 una
368 1835 461 1894 noote
484 1829 552 1893 vias
575 1831 726 1910 quoniam
749 1848 907 1912 persaepe
928 1829 1074 1894 videmus

283 1943 396 2006 siooari
420 1942 590 2024 mollisque
612 1943 671 2007 luti
695 1963 900 2008 eonoresoere
923 1949 1068 2008 orestas.

284 2061 451 2141 praeterea
475 2057 569 2122 docui
591 2058 723 2122 multum
746 2077 872 2139 quoque
895 2057 1006 2122 tollere
1030 2059 1130 2123 nubes

280 2190 422 2236 umorem
446 2193 563 2253 magno
587 2178 774 2256 conceptum
797 2183 841 2238 ex'
860 2189 1002 2254 aequore
1024 2172 1135 2255 ponti,

281 2287 453 2373 etpassirn
476 2292 542 2351 toto
565 2293 720 2352 terrarum
744 2305 897 2370 spargere
920 2287 952 2350 in
976 2287 1065 2371 orbi,

203 2419 254 2466 630
283 2420 354 2464 eum
378 2400 458 2484 pluit
479 2402 511 2465 in
534 2403 627 2466 terris
650 2408 680 2466 et
702 2402 788 2468 venti
811 2402 921 2466 nubila
942 2407 1089 2484 portant.

280 2521 442 2598 postremo
468 2517 619 2597 quoniam
642 2537 716 2580 raro
741 2537 812 2582 eum
837 2536 970 2600 corpore
993 2516 1088 2581 tellus

280 2635 348 2711 est,
366 2635 397 2693 et
421 2631 637 2716 coniunctast,
655 2651 727 2696 oras
750 2631 850 2696 maris
872 2632 1013 2713 undique
1036 2632 1190 2712 cingens,

281 2743 396 2828 debet,
413 2751 447 2808 ut
469 2745 502 2808 in
524 2765 612 2810 mare
635 2745 675 2810 de
698 2747 790 2811 terris
813 2747 900 2809 venit
922 2766 1014 2809 umor
1035 2747 1151 2828 aquai,

282 2858 315 2922 ln
338 2863 440 2923 terras
463 2859 576 2925 itidem
600 2881 729 2925 manare
753 2880 794 2926 ex
816 2881 957 2942 aequore
979 2861 1085 2926 salso:

205 2992 255 3040 630
280 2973 461 3057 percolatur
484 2975 569 3039 enim
592 2977 698 3055 virus,
714 2981 863 3058 retroque
886 2981 1033 3041 remanat

281 3088 433 3153 materies
455 3090 575 3154 umoris
598 3097 628 3155 et
651 3090 693 3154 ad
716 3099 811 3175 eaput
834 3092 983 3158 amnibus
1005 3091 1108 3154 omnis

280 3201 430 3287 confluit,
445 3203 522 3268 inde
545 3225 641 3290 super
663 3211 767 3270 terras
790 3205 872 3270 redit
894 3205 1023 3288 agmine
1046 3204 1132 3270 dulei

281 3337 345 3399 que
367 3317 420 3382 via
443 3325 532 3384 saeta
554 3321 654 3385 semel
677 3320 800 3402 liquido
823 3320 906 3403 pede
929 3319 1040 3385 detulit
1063 3321 1207 3410 undas]

317 3433 411 3497 Nune
433 3433 515 3497 ratio
539 3454 621 3514 quae
645 3434 705 3517 sit,
722 3453 781 3518 per
803 3432 915 3498 fauces
938 3435 1054 3500 montis
1076 3441 1111 3500 ut
1133 3439 1256 3504 Aetnae

199 3566 250 3616 640
282 3545 427 3629 expirent
449 3547 541 3630 ignes
564 3549 647 3612 inter
669 3549 745 3611 dum
767 3547 893 3610 turbine
915 3552 1024 3632 tanto,

281 3660 471 3744 expediam:
488 3680 592 3743 neque
615 3661 700 3725 enim
723 3661 875 3726 medioori
899 3661 991 3726 olade
1014 3671 1122 3730 coorta

278 3773 427 3840 flammea
448 3783 623 3861 tempestas
646 3775 788 3842 Siculum
811 3779 976 3844 dominata
999 3801 1056 3865 per
1078 3801 1175 3863 egros

280 3889 421 3958 finitimis
445 3891 486 3956 ad
509 3911 546 3959 se
569 3891 725 3958 convertit
746 3894 894 3978 gentibus
918 3916 994 3974 ora,

283 4191 333 4240 616
351 4192 389 4240 sol
408 4207 527 4256 magnum
548 4195 560 4261 Η
582 4198 630 4244 621
652 4197 683 4244 ed
704 4193 718 4263 ll
744 4199 794 4244 624
813 4197 898 4246 venti.
925 4195 938 4264 ll
964 4200 1013 4246 626
1033 4205 1158 4247 crustres.
1179 4195 1193 4266 ll
1214 4201 1264 4248 629
1284 4199 1369 4248 orbis.
1392 4198 1404 4264 Η

284 4279 334 4328 632
357 4279 439 4342 magis
468 4281 480 4348 Η
511 4283 561 4331 638
585 4283 644 4332 tulit
672 4280 685 4350 Η
715 4286 764 4333 639
789 4283 877 4334 fauces
907 4281 920 4353 Η
949 4288 996 4334 641
1022 4286 1107 4336 media
1135 4286 1221 4349 grecia
1250 4285 1281 4335 de
1310 4284 1323 4352 Η
1353 4288 1403 4334 642

284 4364 414 4415 Flammae
