3140 5032
297 401 359 466 ‘238
838 397 881 461 VI

239 557 242 563 ⁵
295 570 378 654 ignis
401 570 474 633 item
497 568 652 650 liquidum
676 569 754 634 facit
776 589 832 634 aes
855 589 1030 651 aurumque
1053 571 1203 654 resolvit,

297 691 331 750 at
354 685 441 749 coria
464 691 494 748 et
517 703 644 748 caruem
669 686 768 749 trahit
790 691 821 747 et
843 685 991 749 conducit
1013 685 1045 747 iu
1069 706 1186 749 uuuur.

296 819 386 863 umor
409 817 514 879 aquae
536 819 631 882 porro
655 799 773 862 ferrum
796 800 950 864 condurat
972 801 1014 864 ab
1036 800 1123 883 igni,

296 920 328 978 at
351 913 438 978 coria
461 919 492 978 et
514 933 639 978 carnem
663 913 765 977 mollit
786 913 901 975 durata
923 913 1051 977 calore.

222 1050 272 1096 oro
298 1029 483 1112 barbigeras
506 1029 646 1093 oleaster
669 1048 706 1093 eo
730 1027 943 1108 iuratusque
968 1029 1132 1113 capellas,

296 1143 408 1208 effluat
430 1144 610 1207 ambrosiae
634 1143 724 1224 quasi
749 1161 825 1206 vere
849 1149 880 1206 et
901 1144 1030 1206 nectari'
1052 1143 1186 1226 linctus3

296 1278 361 1340 qua
385 1259 428 1321 nil
452 1264 500 1322 est
523 1257 644 1322 homini
668 1257 752 1339 quod
777 1255 908 1321 amariu'
931 1257 1081 1322 frondeat
1104 1277 1199 1322 esca.

296 1373 432 1454 denique
456 1373 671 1436 anramcinum
697 1372 812 1454 fugitat
836 1391 890 1436 sus
914 1379 944 1435 et
966 1373 1055 1436 timet
1078 1391 1171 1437 omne

295 1495 490 1568 ungentum:
509 1509 584 1551 nam
607 1487 774 1571 saetigeris
797 1488 897 1552 subus
919 1506 994 1550 acre
1017 1492 1222 1563 venenumst3

222 1621 271 1668 999
298 1601 384 1684 quod
407 1624 465 1666 uos
487 1603 568 1666 inter
591 1602 665 1666 duur
689 1609 754 1666 tam
779 1623 874 1685 quam
897 1621 1045 1667 recreare
1067 1600 1213 1666 videtur.

297 1723 331 1780 at
353 1724 463 1781 contra
485 1717 578 1781 uobis
601 1736 733 1781 caenum
757 1718 942 1782 taeterrima
965 1739 1034 1782 cum
1058 1717 1099 1780 sit

297 1831 483 1914 spurcities,
500 1829 614 1895 eadem
638 1831 737 1894 subus
758 1829 841 1896 hacc
863 1832 1004 1896 iucunda
1025 1832 1183 1906 videtur„

294 1944 518 2008 insatiabiliter
540 1945 598 2008 toti
620 1951 655 2009 ut
678 1947 846 2010 volvantur
868 1947 1008 2011 ibidem.

335 2060 405 2124 Hoc
427 2060 523 2124 etiam
547 2079 642 2144 super
666 2067 732 2137 est,
749 2061 821 2144 ipsa
844 2083 937 2143 quam
963 2061 1069 2126 dicere
1093 2061 1133 2125 de
1157 2079 1191 2124 re

158 2215 160 2220 ·
220 2195 271 2241 999
296 2173 469 2257 adgredior
492 2175 576 2256 quod
600 2174 768 2239 dicendum
792 2177 880 2260 prius
903 2197 975 2242 csse
999 2175 1140 2240 videtur.

294 2289 394 2352 multa
416 2288 576 2352 foramina
599 2309 669 2354 cum
692 2291 790 2354 variis
812 2293 876 2356 sint
898 2292 1022 2356 reddita
1046 2292 1161 2371 rebus,

296 2401 441 2484 dissimili
464 2403 545 2466 iuter
568 2425 602 2467 se
626 2410 740 2467 natura
762 2407 908 2488 praedita
931 2407 1050 2472 debent

296 2536 368 2582 esse
390 2525 422 2582 et
442 2517 561 2582 habere
583 2540 673 2584 suam
697 2526 842 2584 naturam
867 2539 1014 2602 quaeque
1038 2521 1190 2602 viasque.

296 2631 413 2717 quippe
436 2614 551 2698 etenim
574 2634 653 2699 varii
676 2655 789 2699 sensus
814 2635 1029 2699 animantibus
1051 2636 1177 2718 insunt,

220 2766 270 2813 989
296 2766 431 2828 quorum
455 2748 590 2829 quisque
613 2770 701 2813 suam
724 2751 940 2833 propriorem
964 2750 1100 2834 percipit
1121 2751 1153 2813 iu
1177 2769 1233 2814 se:

296 2880 368 2925 nam
391 2870 561 2944 penetrare
584 2863 647 2926 alio
671 2864 793 2928 sonitus
818 2862 946 2943 alioque
970 2881 1120 2946 saporem

295 2976 452 3041 cemimus
476 2997 494 3041 9
518 2978 621 3061 sucis,
639 2978 704 3042 alio
727 2977 849 3042 nidoris
872 2976 1008 3041 odores.

220 3108 267 3156 991
294 3095 464 3173 praeterea
487 3113 618 3157 manare
643 3092 733 3157 aliud
755 3113 811 3176 per
835 3113 915 3158 saxa
937 3091 1083 3168 videtur,

294 3209 390 3287 atquc
413 3207 502 3270 aliud
525 3208 640 3290 liguis,
657 3207 743 3273 aliud
765 3209 900 3273 transire
925 3227 981 3290 per
1004 3227 1136 3283 aurum,

295 3327 494 3403 argentoque
516 3322 602 3387 foras
625 3323 712 3387 aliud
734 3324 880 3404 vitroque
903 3341 1031 3386 meare:

297 3455 368 3498 nam
392 3434 491 3500 fluere
514 3435 575 3501 hac
598 3439 743 3521 species,
760 3437 837 3501 illac
860 3437 948 3500 calor
970 3436 1018 3500 ire
1040 3435 1184 3518 videtur,

220 3567 269 3615 999
295 3555 392 3630 atque
414 3551 485 3614 aliis
508 3551 588 3614 aliut
610 3551 701 3615 citius
723 3551 939 3616 transmittere
962 3549 1095 3613 eadem.

295 3663 436 3741 scilicet,
453 3663 487 3728 id
511 3666 577 3729 fieri
601 3667 687 3746 cogit
708 3671 821 3728 natura
843 3665 965 3732 v’urum

297 3777 491 3844 multimodis
513 3781 660 3856 varians,
677 3786 711 3844 ut
732 3780 827 3863 paulo
852 3778 1047 3843 ostendimus
1070 3782 1165 3855 aute,

220 3910 271 3958 999
295 3899 425 3977 propter
447 3893 634 3961 dissimilem
657 3901 803 3961 naturam
826 3901 978 3977 textaque
1001 3913 1126 3957 rerum.

296 4079 497 4088 ᾑ-

301 4195 471 4278 96999199.
497 4193 511 4265 Η
538 4200 585 4246 971
612 4197 750 4247 ambrosias
775 4194 788 4264 Η
814 4213 872 4248 vero
897 4207 923 4246 et
947 4205 1048 4247 nectare
1070 4197 1180 4246 tinctus.
1206 4192 1220 4263 Η
1250 4199 1299 4245 979
1324 4196 1419 4245 marius

298 4282 419 4332 froudeac
438 4293 539 4334 execat.
564 4282 578 4352 Η
603 4288 653 4334 973
677 4285 834 4333 maraciuum
860 4282 873 4352 Η
900 4287 948 4332 977
975 4285 1084 4334 civunda
1109 4283 1122 4348 Η
1148 4285 1197 4331 986
1216 4283 1308 4346 aloque
1327 4279 1340 4349 Η
1367 4284 1417 4335 988

302 4371 452 4423 9893996
474 4374 540 4422 997.
562 4369 574 4441 Η
596 4373 643 4420 991
664 4373 782 4422 Pructcrc
801 4386 902 4420 manere
922 4367 935 4442 Η
956 4374 1005 4420 992
1025 4370 1093 4439 iguis
