3140 5032
705 367 750 431 VI

166 545 346 628 etrnspieias
369 543 527 624 hominis,
543 541 578 604 fit
598 545 634 604 ut
655 538 758 604 omnis
781 537 886 602 dicere
910 543 1025 602 causas

166 661 335 726 eonveniat
356 659 432 735 leti,
450 657 572 721 dicatur
595 660 629 718 ut
650 653 737 717 illius
760 673 845 716 una:

166 751 241 841 narn
263 792 370 856 neque
394 792 466 837 eum
489 770 574 836 ferro
598 789 657 834 7770
679 768 797 852 frigore
820 766 948 832 vincere
970 764 1076 849 possis

167 888 327 954 interiisse
350 906 454 969 neque
478 907 496 950 a
519 887 628 950 morbo
652 903 755 965 neque
778 882 859 947 10707
881 899 1027 956 veneno,

93 1024 144 1069 770
168 1022 280 1068 verum
303 1001 427 1084 aliquid
449 1020 568 1086 genere
591 1019 662 1065 esse
687 1019 727 1064 ex
750 999 810 1062 hoe
833 997 916 1081 quod
941 994 1071 1078 eontigit
1094 994 1123 1058 ei

167 1119 305 1184 seimus.
322 1117 395 1180 item
418 1117 451 1179 in
473 1117 581 1181 multis
604 1115 665 1179 hoe
688 1114 784 1179 rebus
808 1113 914 1176 dieere
938 1110 1113 1176 habemus.

207 1233 300 1297 Nilus
324 1231 355 1295 in
380 1237 532 1296 aestatem
558 1230 672 1296 oreseit
694 1228 881 1312 campisque
903 1226 1079 1307 redundat,
1165 1282 1167 1287 .

167 1347 280 1411 unieus
302 1347 335 1410 in
349 1346 451 1411 terris
474 1346 611 1430 Aegypti
635 1345 731 1410 totius
755 1344 878 1407 amnis.

168 1462 196 1525 is
218 1462 303 1542 rigat
325 1463 507 1545 Aegyptum
530 1461 670 1525 medium
692 1479 749 1544 per
772 1475 870 1542 saepe
893 1456 1052 1528 ealorem,

94 1597 143 1642 770
170 1584 226 1640 aut
249 1576 324 1657 quia
346 1583 420 1640 sunt
441 1583 565 1642 aestate
588 1576 755 1658 aquilones
778 1573 861 1638 ostia
884 1577 1015 1645 eontra,

169 1690 245 1754 anni
268 1695 411 1774 tempore
434 1710 472 1756 eo
497 1690 550 1773 qui
574 1691 694 1754 etesiae
718 1708 789 1753 esse
811 1688 974 1762 feruntur,

169 1813 201 1868 00
223 1811 333 1870 eontra
356 1805 484 1869 fluvium
507 1804 621 1869 flantes
642 1809 843 1869 remorantur
867 1809 898 1866 et
920 1801 1024 1863 undas

172 1927 324 2003 cogentes
347 1940 456 1985 sursus
478 1921 602 2008 repient
625 1925 807 2003 coguntque
830 1935 981 1982 manere.

173 2054 246 2096 nam
270 2033 365 2122 dubio
389 2037 501 2120 proeul
523 2037 604 2100 haee
628 2037 765 2098 adverso
788 2033 890 2098 flabra
912 2032 1053 2098 feruntur

95 2167 146 2214 700
172 2146 322 2226 flumine,
341 2171 423 2230 quae
447 2150 563 2233 gelidis
586 2150 626 2214 ab
651 2149 750 2214 stellis
774 2148 843 2212 axis
866 2153 1023 2230 aguntur:

170 2265 225 2330 ille
249 2285 289 2330 ex
312 2265 465 2330 aestifera
486 2265 567 2348 parti
590 2265 677 2331 venit
698 2264 800 2328 amnis
824 2263 866 2327 ab
889 2267 1018 2336 austro,

169 2381 253 2446 inter
275 2381 368 2466 nigra
390 2382 493 2446 virum
515 2387 665 2464 pereooto
689 2380 796 2446 saecla
819 2379 927 2445 oolore

174 2496 322 2562 exoriens
343 2497 470 2581 penitus
493 2497 600 2562 media
623 2497 665 2561 ab
688 2496 818 2581 regione
842 2494 925 2558 diei.

174 2616 222 2674 est
245 2631 369 2693 quoque
392 2613 436 2676 uti
458 2612 559 2697 possit
582 2632 719 2694 magnus
742 2615 911 2694 congestus
933 2609 1076 2672 harenae

98 2746 147 2792 ras
171 2725 318 2792 fluetibus
342 2727 486 2793 adversis
510 2727 656 2811 oppilare
680 2727 764 2792 ostia
786 2732 917 2808 eontra,

172 2861 243 2905 eum
267 2863 355 2908 mare
378 2849 554 2928 permotum
577 2843 679 2907 ventis
703 2842 766 2904 ruit
788 2841 873 2905 intus
896 2841 1070 2911 harenam3

174 2976 235 3036 quo
258 2956 293 3019 fit
314 2957 359 3020 uti
381 2963 475 3040 paeto
498 2957 579 3022 liber
602 2957 706 3021 minus
729 2956 833 3020 exitus
856 2953 941 3018 amni

175 3075 206 3132 71
227 3071 376 3153 proclivis
399 3070 474 3134 item
497 3070 553 3134 fiat
575 3070 678 3135 minus
701 3070 838 3153 impetus
862 3067 975 3130 undis.

173 3184 207 3247 fit
230 3204 358 3266 quoque
381 3183 427 3248 uti
449 3183 598 3268 pluviae,
615 3183 747 3268 forsan,
764 3183 868 3266 magis
891 3183 934 3246 ad
958 3185 1053 3262 eaput
1077 3179 1105 3243 ei

98 3319 149 3366 730
175 3305 316 3384 tempore
340 3318 378 3363 70
400 3297 498 3382 fiant,
516 3300 602 3382 quod
626 3299 728 3365 etesia
750 3299 852 3362 flabra
875 3296 1060 3377 aquilonum

175 3413 286 3478 nubila
309 3413 469 3478 coniciunt
492 3413 523 3476 in
549 3433 604 3477 eas
628 3420 701 3478 tune
726 3414 833 3478 omnia
855 3411 974 3496 partis:

154 3528 314 3612 seilicet,
333 3528 376 3592 ad
398 3527 537 3592 mediam
561 3527 725 3608 regionem
749 3529 852 3593 eiecta
875 3526 940 3590 diei

175 3662 245 3706 eum
269 3647 506 3717 convenerunt,
522 3642 567 3706 ibi
590 3642 631 3706 ad
654 3644 736 3707 altos
760 3643 899 3724 denique
922 3640 1038 3706 montis

175 3760 344 3820 contrusae
367 3757 469 3821 nubes
493 3762 647 3840 eoguntur
670 3757 764 3838 vique
786 3762 991 3840 premuntur.

4 3903 6 3912 v
98 3891 149 3938 735
175 3869 311 3934 forsitan
333 3869 526 3955 Aethiopum
549 3871 676 3955 penitus
699 3872 739 3934 de
761 3869 922 3933 montibus
945 3867 1019 3930 'altis

181 4147 230 4194 708
249 4145 366 4207 Namque
391 4141 403 4213 11
430 4147 479 4194 710
498 4143 589 4192 Utrum
607 4157 698 4206 genere
722 4141 819 4203 aliquid
845 4136 857 4206 11
883 4136 1032 4186 contioitel.
1059 4133 1071 4202 11
1098 4138 1147 4183 716
1171 4135 1260 4184 etesire
1286 4133 1299 4202 Η

182 4236 230 4281 719
250 4233 330 4282 flabro
352 4230 364 4301 Η
387 4235 436 4280 723
456 4231 566 4280 Exorins
587 4229 599 4296 Η
622 4232 670 4278 726
691 4230 730 4277 rui
752 4226 765 4296 11
787 4231 834 4276 727
855 4225 952 4276 amnis¹
974 4225 985 4290 Η
1009 4225 1058 4271 730
1078 4237 1127 4282 quo
