3140 5036
849 370 877 436 V

303 521 417 623 quam,
434 538 551 606 nostris
574 539 675 604 oculis
698 559 760 622 qua
783 539 960 624 cernimus,
977 559 1048 604 5555
1070 539 1213 606 videtur.

300 674 376 720 nam
398 655 485 738 prius
508 653 634 731 omnia,
651 673 735 736 quae
757 654 855 736 lange
878 659 999 719 semota
1020 660 1144 719 tuemur

227 788 277 836 559
302 775 376 833 aera
399 787 455 851 per
477 767 630 846 multum,
647 768 755 851 specie
778 767 913 834 confusa
935 769 1084 834 videntur

303 903 401 964 quam
423 881 523 946 minui
544 881 651 945 filum.
670 902 731 963 qua
753 889 883 966 propter
905 883 983 948 luna
1006 902 1140 949 neccsse
1162 889 1229 968 cst,

301 996 556 1081 quandoquidem
581 995 700 1060 claram
724 996 862 1080 speciem
885 1003 1066 1079 certamque
1088 998 1221 1082 figuram

300 1113 456 1198 praebet,
473 1116 508 1174 ut
530 1116 578 1175 551
600 1109 663 1175 oris
687 1111 836 1176 extremis
860 1130 995 1193 cumque
1019 1117 1130 1182 notata

304 1232 487 1309 quantaque
510 1230 658 1307 quantast
679 1225 752 1289 hinc
774 1225 867 1290 nobis
889 1226 1034 1290 videatur
1055 1227 1089 1290 in
1112 1225 1199 1292 alto.

228 1364 278 1411 595
303 1347 466 1427 postremo
490 1360 570 1422 quos
593 1359 729 1422 cumque
752 1340 842 1406 vides
864 1339 939 1404 hinc
962 1340 1101 1406 aetheris
1123 1341 1236 1425 ignea,

302 1455 563 1539 quandoquidem
587 1474 666 1536 quoe
689 1474 824 1536 cumque
846 1455 879 1520 in
901 1455 994 1522 terris
1017 1457 1178 1540 cemimu’‚
1194 1455 1343 1520 flammae

302 1571 378 1634 dum
399 1575 515 1634 tremor
539 1573 586 1632 est
608 1569 734 1646 clarus,
752 1569 824 1633 dum
848 1570 986 1634 cernitur
1006 1572 1101 1636 ardor
1123 1592 1251 1655 eorum,

303 1704 494 1770 perparvom
517 1681 668 1764 quiddam
689 1683 773 1748 inter
795 1683 868 1748 dum
891 1690 1013 1750 mutare
1035 1684 1163 1750 videtur

302 1801 435 1864 aiteram
458 1804 560 1861 utram
583 1797 616 1860 in
638 1805 761 1882 partem
784 1799 892 1883 filum,
910 1820 972 1882 quc
996 1800 1123 1882 langius
1145 1800 1281 1874 absunt,

229 1889 290 1983 595
304 1913 384 1980 59155
408 1911 483 1976 11951
504 1903 658 1996 perquam
680 1913 822 1996 pauxillo
845 1934 940 1998 posse
963 1915 1101 1979 minores

306 2048 377 2094 5555
399 2027 450 2090 vel
473 2025 591 2107 exigua
615 2025 743 2092 maioris
765 2033 858 2112 parte
879 2028 1053 2112 brevique.

229 2167 280 2214 599
321 2160 324 2166 ’
347 2141 430 2206 Illud
451 2141 526 2206 item
549 2162 613 2206 non
636 2146 684 2206 551
705 2142 907 2223 mirandum,
925 2163 989 2225 qua
1011 2143 1134 2208 ratione

304 2256 446 2324 tantulus
467 2255 523 2321 ille
546 2262 642 2338 queat
664 2262 787 2322 tantum
809 2258 859 2322 591
880 2257 1005 2323 mittere
1027 2257 1155 2343 lumen,

305 2373 391 2456 quod
413 2370 516 2435 maria
538 2390 575 2434 ac
597 2377 699 2444 terras
722 2371 824 2436 omnis
848 2373 1035 2454 caelumque
1057 2368 1193 2456 rigando

305 2487 464 2570 compleat
487 2491 518 2549 51
539 2485 643 2550 calido
666 2484 840 2570 perfundat
861 2491 975 2550 cuncta
997 2506 1136 2571 vapore.

230 2626 279 2672 595
305 2623 380 2668 nam
402 2600 476 2664 licet
497 2598 572 2663 hinc
592 2598 703 2663 mundi
725 2599 922 2684 patefactum
944 2601 1040 2666 totius
1063 2621 1159 2665 unum

303 2715 483 2798 largifluum
505 2713 625 2778 fontem
648 2719 772 2780 scatere
795 2721 892 2796 atque
915 2737 1079 2798 erumpere
1102 2717 1229 2792 lumen,

306 2830 452 2896 exomni
477 2828 594 2893 mundo
619 2830 695 2910 quia
717 2829 763 2894 515
786 2830 944 2895 elementa
967 2830 1096 2913 vaporis

231 2966 281 3012 999
305 2943 446 3025 undique
469 2942 659 3008 conveniunt
682 2949 713 3007 et
735 2943 782 3008 sic
804 2945 966 3009 coniectus
990 2964 1099 3008 eorum

306 3057 454 3136 confluit,
471 3077 509 3121 cx
531 3077 593 3122 uno
617 3058 723 3142 capite
745 3057 796 3125 hic
819 3065 852 3123 ut
873 3059 1011 3143 profluat
1033 3057 1150 3122 ardor.

306 3192 412 3237 nonne
434 3171 526 3237 vides
550 3174 645 3237 etiam
669 3193 766 3254 quam
789 3173 852 3237 late
876 3193 992 3256 parvus
1015 3173 1113 3255 aquai

305 3292 398 3372 prata
420 3287 501 3369 riget
522 3285 596 3351 fons
617 3286 700 3352 iuter
725 3287 799 3350 dum
823 3287 1008 3370 campisque
1029 3285 1213 3352 redundet?

306 3407 354 3465 551
376 3401 471 3464 etiam
495 3419 621 3482 quoque
644 3401 688 3464 uti
713 3421 776 3464 non
798 3421 917 3482 magno
942 3400 1020 3466 59115
1042 3401 1082 3466 ab
1105 3400 1171 3482 igni

232 3533 282 3580 995
305 3521 382 3577 adra
404 3513 562 3596 percipiat
584 3513 697 3577 calidis
719 3512 894 3579 fervoribus
917 3513 1033 3588 ardor,

307 3633 504 3712 opportunus
526 3627 572 3690 ita
595 3626 692 3690 55151
715 3625 796 3691 forte
820 3634 851 3692 ct
873 3627 1006 3691 idoneus
1029 3633 1105 3709 555,

214 3821 219 3830 .
306 3750 340 3806 ut
362 3747 458 3823 queat
480 3739 611 3805 accendi
633 3740 742 3824 parvis
765 3741 932 3806 ardoribus
955 3739 1055 3816 ictus;

307 3856 392 3940 quod
415 3876 517 3938 genua
538 3856 621 3920 inter
643 3853 717 3918 dum
741 3860 872 3940 segetes*
890 3853 1102 3937 stipulamque
1125 3852 1270 3918 videmus

310 4159 361 4206 580
379 4157 446 4205 Aere
466 4151 478 4222 Η
500 4157 548 4204 581
568 4154 604 4204 mi
630 4152 643 4222 Η
668 4157 719 4206 584
738 4153 840 4216 Quanta
859 4168 958 4216 quoque
977 4161 1094 4216 quantam
1113 4151 1127 4222 Η
1147 4153 1196 4202 586
1216 4152 1430 4204 1155515955οηὶ5-

309 4263 382 4298 aum.
403 4242 416 4312 Η
441 4244 490 4293 587
511 4251 548 4292 551
566 4245 705 4294 amimam.
726 4240 740 4308 Η
765 4243 815 4290 589
834 4240 914 4289 absit.
936 4237 949 4309 Η
969 4243 1019 4289 595
1038 4248 1107 4303 perte
1132 4236 1146 4306 Η
1166 4241 1321 4288 596τ584.
1342 4239 1356 4310 Η
1377 4242 1429 4290 599

311 4345 418 4397 vapore.
439 4325 452 4398 Η
477 4330 526 4378 605
545 4328 680 4391 percipitat
700 4326 713 4394 Η
735 4330 784 4375 606
804 4328 853 4376 sita
872 4335 908 4376 est
