3140 5036
696 359 754 422 IIII

83 547 134 595 545
161 533 193 592 et
215 529 306 612 cycni
329 531 420 594 tortis
442 529 639 594 convallibus
663 549 702 592 ex
725 528 887 598 Heliconis

160 663 232 708 oum
254 643 407 724 liquidam
430 643 545 707 tollunt
565 643 692 725 lugubri
714 663 792 708 voce
816 646 1009 724 querellam.

199 758 304 823 Hasce
326 757 421 841 igitur
444 759 569 842 penitus
593 777 688 824 voces
712 777 779 822 cnm
805 778 936 842 corpore
959 767 1066 826 nostro

161 871 366 956 exprimimus
390 878 539 954 rectoque
562 871 650 937 foras
674 872 843 937 emittimus
867 893 943 951 ore,

159 987 285 1051 mobilis
308 987 456 1050 articulat
477 986 646 1050 verborum
669 985 808 1051 daedala
831 987 963 1070 lingna,

82 1121 134 1168 555
159 1099 398 1182 formaturaque
420 1101 583 1164 labrorum
605 1121 663 1184 pro
686 1107 777 1184 parte
799 1101 934 1182 figurat.

82 1238 134 1286 553
160 1215 223 1280 hoc
244 1217 298 1280 ubi
321 1236 385 1280 non
408 1215 537 1298 longum
562 1215 727 1298 spatiumst
749 1217 833 1279 unde
855 1237 920 1280 una
942 1219 1084 1300 profecta

158 1331 324 1414 perveniat
345 1350 408 1395 vox
431 1348 597 1412 quaeque,
615 1334 780 1394 necessest
801 1331 900 1394 verba
925 1351 1051 1414 quoque
1073 1333 1145 1417 ipsa

82 1465 134 1513 555
159 1445 257 1528 plane
281 1443 427 1530 exaudiri
448 1443 647 1525 discernique
669 1443 878 1508 articulatim:

160 1563 267 1622 servat
289 1559 373 1621 enim
395 1557 600 1622 formaturam
624 1563 795 1637 servatque
818 1557 973 1639 figuram.

159 1677 193 1735 at
215 1672 241 1736 si
263 1673 344 1735 inter
365 1673 501 1756 positum
526 1672 663 1755 spatium
687 1672 729 1736 sit
750 1673 878 1756 longius
901 1694 1025 1756 aequo,

159 1794 314 1870 adraper
335 1787 465 1852 multum
489 1785 640 1850 confundi
662 1787 763 1850 verba
786 1795 948 1852 necessest

159 1907 190 1966 et
214 1901 393 1965 conturbari
416 1920 548 1985 vocem,
566 1901 639 1964 dum
662 1903 838 1966 transvolat
861 1923 979 1968 auras.

84 2039 134 2086 seo
160 2036 236 2100 ergo
259 2015 313 2100 fit,
331 2016 466 2080 sonitum
489 2023 523 2080 ut
545 2015 648 2099 possis
671 2015 809 2098 sentire,
827 2036 928 2098 neque
952 2018 1041 2082 illam

158 2131 392 2213 internoscere,
409 2131 580 2196 verborum
603 2129 759 2194 sententia
783 2149 865 2210 quae
888 2131 946 2195 sit:

157 2263 257 2326 usque
280 2242 362 2308 adeo
385 2243 518 2309 confusa
539 2243 710 2318 venitvox
732 2243 828 2332 inque
850 2245 978 2332 pedite.

156 2363 327 2444 praeterea
350 2359 481 2422 verbum
504 2377 602 2442 saepe
625 2379 723 2422 unum
745 2357 867 2441 perciet
888 2359 974 2425 auris

157 2473 303 2538 omnibus
325 2473 358 2537 in
381 2473 520 2557 populo,
537 2473 667 2537 missum
691 2472 859 2554 praeconis
881 2473 922 2538 ab
946 2493 1021 2539 ore.

81 2609 131 2656 555
157 2587 188 2652 in
213 2589 328 2653 multas
349 2589 445 2671 igitur
466 2605 562 2652 voces
583 2607 646 2651 vox
669 2605 734 2648 una
756 2593 889 2669 repente

157 2691 300 2787 diffugit,
317 2703 351 2766 in
373 2703 479 2786 privas
502 2701 653 2784 quoniam
676 2719 711 2764 55
735 2699 848 2764 dividit
870 2703 976 2780 auris,

158 2819 331 2902 obsignans
352 2817 485 2880 formam
508 2816 595 2880 verbi
619 2815 803 2897 clarumque
826 2835 994 2881 sonorem.
1052 2851 1063 2862 ,

158 2941 295 3014 atquae
319 2952 395 3014 pars
416 2951 529 2996 vocum
552 2950 616 2992 non
640 2928 726 2994 auris
748 2929 859 2994 incidit
881 2931 988 3015 ipsas,

158 3047 370 3130 praeterlata
391 3043 475 3128 perit
496 3044 611 3108 frustra
635 3043 751 3108 diffusa
772 3064 830 3127 per
852 3065 969 3108 auras:

79 3185 131 3231 aro
157 3182 252 3246 pars,
270 3161 380 3226 solidis
404 3159 527 3242 adlisa,
545 3156 624 3221 locis
647 3151 768 3222 reiecta
792 3177 940 3222 sonorem

157 3276 261 3340 reddit
283 3281 315 3340 et
337 3275 419 3338 inter
440 3275 515 3336 dum
536 3272 704 3336 frustratur
726 3271 865 3356 imagine
886 3275 995 3339 verbi.

158 3409 240 3473 quae
262 3390 344 3454 bene
367 3409 437 3453 cum
459 3387 589 3471 videas,
605 3385 761 3450 rationem
784 3386 920 3452 reddere
943 3391 1048 3472 possis

156 3510 224 3569 tute
246 3505 301 3568 tibi
325 3509 420 3584 atque
444 3503 537 3587 aliis,
556 3522 617 3584 quo
640 3505 735 3584 pacto
758 3521 816 3586 per
838 3503 911 3568 loca
934 3503 1003 3568 sola

159 3639 238 3683 saxa
260 3619 346 3702 paris
368 3618 489 3682 formas
512 3617 681 3682 verborum
704 3635 743 3680 ex
767 3615 877 3682 ordine
900 3617 1056 3702 reddant,
1096 3649 1099 3656 ¹

82 3754 132 3802 575
158 3733 297 3818 palantis
320 3731 450 3798 comites
473 3752 542 3796 corn
565 3731 679 3796 montis
702 3731 785 3796 inter
808 3753 928 3816 opacos

159 3848 341 3930 quaerimus
365 3853 396 3910 et
417 3851 545 3927 magna
559 3845 725 3928 dispersos
747 3864 825 3908 voce
848 3845 987 3910 ciamus.

159 3981 217 4027 sex
240 3961 336 4026 etiam
361 3965 416 4024 aut
438 3967 559 4042 septem
582 3958 654 4022 loca
676 3956 741 4022 vidi
764 3956 900 4023 reddere
922 3979 1037 4041 voces,

161 4237 211 4286 545
230 4236 263 4285 Et
273 4235 365 4301 validis
377 4234 443 4284 necti
456 4233 529 4284 tortis
541 4249 573 4282 ex
593 4229 607 4301 Η
627 4233 677 4282 548
697 4229 820 4278 mittimus
840 4226 853 4295 Η
874 4231 923 4278 549
943 4243 1076 4277 nervorum
1096 4226 1109 4296 Η
1130 4232 1180 4278 553
1200 4230 1246 4278 illa
1266 4225 1279 4298 ΙΙ

162 4325 210 4374 567
230 4322 312 4374 verbis
332 4317 346 4390 ll
366 4321 501 4387 57015515
522 4319 534 4386 Η
557 4321 606 4370 576
626 4332 731 4382 magnas
752 4312 765 4384 ll
787 4317 835 4364 577
856 4315 939 4365 videre
959 4315 1036 4364 odore
1053 4316 1139 4365 vocis.
