3140 5036
690 415 747 478 ΠΗ

159 587 311 651 cernundi
334 607 437 668 neque
459 607 555 670 posse
578 587 646 650 sine
668 586 718 650 his
739 605 791 650 res
814 587 880 649 ulla
900 587 1023 674 videri.
1111 617 1114 622 ·

147 721 241 766 nune
265 721 409 783 eaquae
433 702 503 767 dieu
526 722 631 765 rerum
655 701 825 765 simulacra
847 700 989 764 feruntur

88 835 134 881 245
158 815 297 898 undique
321 823 352 881 et
374 817 407 880 in
430 824 558 881 eunetas
581 816 738 881 iaciuntur
760 815 859 878 didita
881 815 1002 898 partis:

156 949 266 994 verum
290 951 349 996 nes
372 932 474 996 oeulis
496 932 571 1013 quia
594 931 671 994 solis
692 949 821 994 eernere
844 927 988 1013 quimus,

128 1050 326 1132 ,propterea
348 1045 382 1109 fit
403 1047 468 1130 uti,
486 1046 624 1130 speeiem
649 1066 711 1127 que
733 1045 904 1128 vertimus,
922 1064 1032 1108 omnes

123 1131 139 1149 ἡ
157 1178 209 1222 555
233 1159 275 1224 ibi
298 1179 371 1225 eam
394 1160 643 1236 contraieriant
665 1160 768 1222 forma
791 1164 885 1240 atque
909 1159 1035 1223 eelore.
1058 1170 1064 1179 '

157 1277 187 1336 et
211 1280 360 1354 quantum
384 1294 530 1356 quaeque
553 1275 594 1338 ab
616 1275 710 1338 nobis
732 1292 784 1337 res
807 1273 910 1351 absit,
926 1273 1033 1356 imago

87 1405 133 1452 245
160 1386 258 1452 efficit
279 1394 313 1451 ut
334 1389 502 1453 videamus
524 1393 555 1452 et
576 1388 791 1452 internoscere
815 1387 917 1469 cogit:

159 1521 233 1565 nam
257 1522 327 1567 eum
350 1502 502 1586 mittitur,
519 1501 678 1585 extemplo
701 1501 858 1585 protrudit
881 1501 1010 1583 agitque

156 1624 233 1680 aera
258 1617 310 1699 qui
332 1617 414 1682 inter
437 1636 470 1680 55
494 1636 628 1698 eumque
652 1621 700 1680 est
722 1615 1061 1699 anulosque'loeatus,

156 1730 248 1812 isque
270 1731 315 1795 ita
337 1751 394 1815 per
416 1736 541 1796 nestrae
564 1731 649 1796 acies
672 1731 847 1814 perlabitur·
870 1731 972 1794 omnis

157 1851 187 1909 et
210 1845 302 1927 quasi
326 1849 483 1928 perterget
504 1846 644 1928 pupillas
666 1851 764 1927 atque
785 1846 828 1908 ita
851 1845 983 1909 transit.

86 1977 130 2024 255
155 1967 324 2043 propterea
347 1959 380 2022 fit
401 1959 446 2022 uti
468 1959 633 2024 videamus
656 1980 752 2042 quam
774 1961 885 2043 procul
908 1960 991 2024 absit

88 2093 133 2140 255
157 2093 209 2140 555
234 2093 380 2155 quaeque
395 2122 402 2136 .
419 2080 450 2139 et
472 2081 591 2155 quanto
614 2075 686 2158 plus
709 2077 793 2142 aeris
816 2082 890 2142 ante
909 2075 1053 2170 agitatur

87 2207 131 2252 252
156 2195 187 2252 et
208 2196 336 2252 nestros
359 2189 469 2254 oeulos
490 2196 651 2273 perterget
672 2191 798 2271 longior·
820 2211 920 2272 aura,

155 2309 222 2366 tam
244 2304 355 2385 procul
378 2322 449 2368 esse
472 2303 576 2384 magis
599 2324 651 2370 res
675 2323 822 2386 quaeque
845 2309 966 2368 remota
987 2301 1152 2365 videtur...

97 2500 100 2506 Ι
155 2417 295 2501 scilieet,
313 2419 392 2483 haee
414 2439 535 2483 summe
558 2420 653 2484 celeri
676 2421 799 2484 ratione
823 2423 996 2501 geruntur,

87 2549 133 2597 255
156 2532 253 2614 quale
276 2533 317 2597 sit
339 2539 372 2596 ut
392 2533 577 2618 rideamne,
595 2541 626 2600 et
648 2555 712 2598 una
735 2555 831 2616 quam
854 2533 965 2616 procul
988 2532 1089 2596 absit.

155 2647 236 2711 illud
257 2649 291 2711 in
314 2648 362 2713 his
386 2649 481 2714 rebus
504 2649 632 2715 minime
654 2649 803 2713 mirabile
826 2645 1059 2725 habendnmst,

156 2784 232 2839 eur,
251 2783 289 2827 ea
313 2782 395 2844 quae
418 2761 533 2827 feriant
556 2766 665 2830 oeulos
689 2764 860 2830 simulacra
882 2760 983 2827 videri

155 2879 283 2961 singula
306 2898 377 2942 eum
399 2885 578 2960 nequeant,
595 2899 646 2945 res
668 2881 759 2965 ipsae
781 2877 1036 2963 perspiciantur.

157 2999 271 3059 ventus
293 2993 377 3057 enim
402 3013 528 3074 quoque
551 2995 704 3077 paulatim
729 3015 798 3059 eum
821 2993 969 3058 verberat
991 2997 1022 3054 et
1045 3011 1115 3055 eum

87 3128 131 3174 255
157 3127 233 3174 5555
255 3106 324 3170 fluit
345 3107 465 3188 frigus,
482 3129 547 3172 nnn
569 3110 691 3192 privam
713 3129 872 3191 quamque
895 3107 1034 3172 solemus

87 3243 133 3289 255
157 3223 347 3308 particulam
370 3223 455 3286 venti
479 3224 596 3287 sentire
619 3230 650 3288 et
673 3224 801 3306 frigoris
825 3223 913 3298 eius,

87 3355 132 3402 252
159 3337 220 3402 sed
241 3337 347 3418 magis
369 3358 520 3402 unnrsum
534 3389 541 3417 ‚
556 3339 689 3420 fierique
710 3337 844 3423 perinde
867 3335 1011 3402 videmus

159 3470 293 3535 corpore
315 3456 381 3514 tum
406 3454 523 3536 plagas
546 3455 578 3518 in
600 3460 709 3519 nostre
731 3448 805 3520 tam'
822 3474 918 3537 quam
941 3452 1068 3533 aliquae
1092 3469 1144 3517 res

158 3565 308 3630 verberet
329 3573 423 3648 atque
446 3569 497 3632 sui
519 3570 572 3632 det
595 3589 724 3634 sensum
746 3568 888 3652 eorporis
912 3573 1021 3632 extra.

18 3743 19 3746 ,
88 3697 135 3744 255
160 3685 329 3764 praeterea
351 3682 490 3765 lapidem
513 3682 613 3764 digito
637 3704 707 3748 cum
730 3683 912 3767 tundimus,
929 3684 1034 3766 ipsum

160 3795 321 3877 tangimus
342 3803 518 3862 extremum
541 3798 609 3860 saxi
632 3817 852 3879 summumque
875 3797 1034 3875 colerem,

150 3905 219 3974 'nee
240 3911 394 3976 sentimus
416 3931 488 3976 eum
510 3916 615 3993 tantu,
632 3930 740 3974 verum
765 3911 868 3990 magis
889 3911 994 3994 ipsam

162 4023 309 4089 duritiem
331 4025 456 4108 penitus
479 4023 549 4088 saxi
571 4023 725 4088 sentimus
747 4025 780 4088 in
803 4025 888 4088 alte.

165 4296 214 4344 240
234 4295 320 4344 dedita
344 4292 357 4361 ii
384 4296 434 4343 245
454 4299 542 4342 curat.
567 4287 581 4358 Η
606 4293 655 4340 246
674 4291 788 4357 protudit
812 4285 825 4360 Η
851 4291 902 4338 249
921 4296 1034 4356 perteget
1054 4286 1068 4358 ii
1092 4291 1142 4340 253
1161 4297 1247 4340 renota
1267 4286 1281 4360 Η

165 4383 213 4432 261
237 4382 345 4448 primam
366 4379 379 4448 Η
400 4383 449 4429 267
461 4380 540 4447 ipsa.
