3140 5036
690 381 718 444 V

137 549 285 614 accidere
309 569 349 614 ex
372 570 436 615 una
460 551 596 615 scintilla
620 550 771 616 incendia
793 553 934 635 passim.

15 651 19 662 ’
60 683 112 729 cro
139 661 275 728 forsitan
298 684 316 731 e
338 685 433 731 rosea
456 666 505 731 sol
528 667 592 730 alte
616 665 766 750 lampade
788 667 899 732 lucens

135 777 301 861 possideat
323 781 455 845 multum
478 781 583 845 caecis
607 781 786 845 fervoribus
808 782 914 862 ignem

138 893 256 956 circum
279 913 334 971 se,
350 894 438 960 nullo
462 896 516 976 qui
539 896 580 960 sit
602 895 729 978 fulgore
751 901 899 980 notatus,

136 1005 268 1072 aestifer
289 1013 324 1070 ut
344 1014 468 1073 tantum
491 1009 651 1074 radiorum
676 1017 836 1091 exaugeat
859 1011 974 1075 ictum.

176 1121 244 1186 Nee
266 1122 347 1186 ratio
371 1124 448 1189 solis
471 1123 605 1207 simplex
628 1124 743 1188 rellata
767 1125 919 1207 patescit,

5 1245 6 1318 l
57 1254 110 1302 crs
139 1255 201 1316 quc
223 1242 316 1318 pacto
340 1238 470 1303 aestivis
493 1259 511 1303 e
535 1239 677 1322 partibus
700 1239 902 1320 aegocerotis

5 1351 6 1384 l
137 1349 292 1423 brumalis
313 1352 412 1417 adeat
434 1353 536 1418 flexus
561 1361 656 1436 atque
679 1353 753 1416 inde
777 1359 940 1417 revertens

5 1415 9 1562 ἱ
138 1465 245 1528 canori
268 1484 304 1530 se
327 1473 361 1530 ut
382 1474 487 1532 vertat
508 1473 612 1532 metas
634 1467 677 1533 ad
699 1466 895 1550 solstitialis,

5 1569 7 1650 l
136 1578 276 1661 lunaque
298 1582 461 1647 mensibus
484 1581 517 1646 id
539 1582 678 1667 spatium
700 1581 847 1647 videatur
870 1581 978 1664 obire,

137 1712 246 1757 annua
268 1694 315 1758 sol
338 1695 371 1758 in
393 1715 455 1777 quo
479 1697 635 1761 consumit
657 1701 803 1780 tempora
825 1715 939 1761 eursu.

60 1824 114 1871 cao
139 1827 222 1891 non,
239 1808 368 1890 inquam
383 1861 390 1888 ‚
407 1812 543 1896 simplex
566 1811 615 1877 his
638 1811 732 1875 rebus
756 1807 880 1873 reddita
904 1816 1051 1875 causast.

139 1941 214 1986 nam
235 1923 303 1987 lieri
325 1925 375 1989 vel
400 1925 603 2010 cumprimis
626 1925 659 1990 id
682 1945 777 2008 posse
799 1922 940 2005 videtur,

138 2036 314 2102 Democriti
339 2039 423 2122 quod
447 2047 557 2105 saneta
580 2041 639 2103 viri
662 2039 818 2103 sententia
841 2037 950 2119 ponit,

6 2157 7 2164 ³
139 2157 260 2231 quanto
284 2172 431 2235 quaeque
453 2155 557 2236 magis
580 2155 642 2218 sint
663 2158 781 2216 terram
805 2149 911 2214 sidera
934 2157 1083 2234 propter,

138 2269 226 2330 tanto
250 2273 346 2348 posse
370 2267 473 2334 minus
497 2289 566 2334 eum
592 2267 674 2333 caeli
697 2265 823 2329 turbine
847 2261 945 2327 ferri:

63 2398 116 2445 cas
145 2398 336 2448 evanescere
360 2383 443 2446 enirn
464 2384 595 2468 rapidas
618 2383 703 2447 illius
727 2385 757 2443 et
779 2377 864 2443 aeris

140 2494 284 2558 imminui
306 2502 415 2581 supter
437 2498 533 2576 viris,
550 2499 688 2579 ideoque
710 2494 844 2576 relinqui

140 2609 297 2691 paulatim
319 2610 417 2674 solem
443 2630 511 2675 cum
536 2608 756 2694 posterioribu'
782 2608 901 2692 signis,

142 2720 275 2788 inferior
295 2725 393 2790 multo
417 2726 502 2806 quod
524 2726 565 2790 sit
588 2743 682 2806 quarn
706 2721 830 2786 fervida
853 2722 964 2804 signa.

143 2841 174 2900 et
198 2837 300 2918 magis
322 2836 383 2903 hoe
404 2838 533 2904 lunam:
552 2847 669 2922 quanto
694 2837 862 2901 demissior
884 2836 952 2900 eiua

8 2963 9 3028 j
68 2969 118 3016 cao
144 2969 255 3016 cursus
277 2952 368 3016 abest
389 2951 500 3035 procul
523 2971 543 3016 a
566 2952 656 3016 eaelo
679 2951 835 3032 terrisque
857 2949 1080 3034 propinquat,¹

142 3071 230 3130 tanto
254 3085 350 3148 posse
373 3066 476 3132 minus
500 3085 569 3130 oum
594 3065 694 3148 signis
717 3064 848 3128 tendere
872 3083 1019 3128 cursum.

142 3178 324 3244 flaccidiore
347 3177 462 3244 etenim
487 3185 604 3262 quanto
628 3180 694 3242 iam
716 3177 841 3242 turbine
863 3176 964 3241 fertur

144 3292 279 3358 inferior
302 3313 397 3375 quam
420 3294 468 3360 sol
483 3343 490 3378 ,
506 3299 595 3358 tanto
619 3292 723 3376 magis
746 3292 853 3356 omnia
877 3291 969 3373 signa

142 3405 229 3481 hanc
251 3407 468 3492 adipiscuntur
490 3409 627 3491 circum,
643 3412 836 3490 praeterque
858 3406 1020 3470 seruntur.

10 3539 13 3632 l
70 3527 131 3589 cas
147 3528 320 3605 propterea
342 3521 376 3584 fit
398 3529 432 3584 ut
453 3521 533 3588 haee
556 3522 598 3586 ad
621 3522 746 3603 signum
770 3520 920 3602 quodque
943 3519 1058 3586 reverti

144 3634 294 3700 mobilius
317 3634 479 3720 videatur,
497 3636 540 3700 ad
563 3637 646 3701 hanc
669 3636 745 3718 quia
768 3637 862 3716 signa
885 3636 1047 3701 revisunt.

144 3749 179 3813 fit
202 3767 329 3830 quoque
352 3755 385 3812 ut
408 3768 425 3814 e
448 3750 556 3813 mnndi
579 3750 771 3815 transversis
792 3751 936 3832 partibus
959 3757 1012 3814 a'e'r

144 3863 276 3928 alternis
299 3869 383 3927 certo
406 3863 505 3928 fluere
527 3863 609 3927 alter
630 3869 774 3945 tempore
796 3862 918 3945 possit,

145 3977 198 4059 qui
223 3985 319 4059 queat
341 3977 472 4042 aestivis
493 3976 593 4042 solem
617 3974 788 4041 detrudere
811 3974 911 4056 signis

15 4089 24 4108 ⁸
70 4108 121 4156 cre
146 4091 302 4156 brumalis
325 4111 427 4172 usque
451 4092 493 4156 ad
515 4089 617 4155 flexus
638 4086 843 4171 gelidumque
866 4086 1024 4166 rigorem,

5 1659 10 1720 l
26 1699 29 1706 .

150 4335 201 4381 610
220 4341 245 4382 et
265 4333 277 4399 ll
299 4335 348 4382 613
367 4332 507 4382 Aestiferiu
526 4332 539 4401 ll
561 4335 612 4381 614
630 4339 699 4383 recta
719 4327 732 4398 ll
753 4331 802 4377 617
823 4327 943 4379 Carceris
961 4336 989 4375 ut
1008 4325 1021 4394 b
1042 4329 1091 4376 632
1111 4327 1187 4376 etiam

1031 4433 1068 4492 12
