3108 5034
296 403 338 468 84
834 397 877 461 Ill

293 566 437 631 laetitiae
460 567 620 631 mulcent:
635 566 687 631 hic
710 587 786 651 ergo
809 585 900 632 mens
924 565 1161 648 animusquest.

297 686 404 746 cetera
426 701 503 764 11515
526 680 652 744 animae
674 701 732 764 per
753 687 852 745 totum
876 679 990 745 dissita
1013 699 1128 763 corpus

295 800 388 879 paret
411 795 507 859 etad
530 813 645 860 numen
669 795 782 859 mentis
806 775 995 875 momenque
1019 800 1180 859 movetur.

222 929 271 976 145
297 908 392 989 idque
416 908 478 973 sibi
501 909 601 973 solum
625 928 740 992 perse
764 911 864 992 sapit:
881 909 913 971 id
937 909 998 972 sibi
1021 908 1159 992 gaudet,

296 1042 364 1086 cum
388 1041 492 1103 neque
516 1041 568 1088 res
590 1023 730 1086 animam
753 1043 856 1103 neque
879 1043 993 1104 corpus
1016 1026 1193 1087 commovet
1213 1041 1279 1087 una
1292 1045 1306 1086 ,1

296 1141 327 1200 51
349 1135 460 1219 quasi,
478 1156 546 1200 cum
571 1141 664 1218 caput
687 1143 742 1200 551
764 1137 871 1200 555155
894 1141 1069 1220 temptante
1092 1135 1203 1200 dolore

296 1250 434 1314 laeditur
455 1250 488 1312 in
510 1250 622 1333 nobis,
640 1269 704 1314 non
727 1250 811 1312 omni
836 1250 1076 1314 concruciamur

298 1383 449 1447 corpore,
467 1364 512 1428 sic
535 1364 660 1428 animus
683 1385 746 1428 non
769 1383 942 1445 numquam
964 1362 1102 1427 laeditur
1124 1362 1193 1445 ipse

224 1498 272 1544 150
296 1477 481 1557 laetitiaque
503 1477 610 1560 viget,
627 1497 696 1541 cum
721 1484 825 1542 cetera
846 1497 921 1560 11515
943 1477 1062 1541 animai

299 1610 357 1674 per
379 1591 521 1654 membra
544 1597 638 1671 atque
662 1597 749 1655 artus
771 1593 858 1654 nulla
881 1591 1023 1654 novitate
1047 1591 1164 1654 cietur:

297 1723 408 1768 verum
431 1705 485 1768 ubi
507 1705 644 1768 vementi
664 1705 767 1787 magis
790 1710 839 1769 est
861 1710 1018 1768 commota
1041 1712 1125 1770 metu
1147 1724 1258 1778 mens,

298 1818 477 1883 consentire
500 1817 636 1880 animam
660 1824 758 1882 totam
782 1838 840 1902 per
862 1819 1006 1883 5151111115
1028 1819 1195 1889 videmus,

299 1931 496 2013 sudoresque
519 1931 564 1995 ita
586 1931 807 2014 palloremque
831 1933 967 1998 existere
989 1938 1055 1996 toto

225 2065 273 2112 155
300 2066 432 2128 corpore
456 2051 486 2108 et
508 2045 636 2126 infringi
660 2045 803 2125 linguam
827 2065 999 2128 vocemque
1022 2046 1161 2122 aboriri,

300 2159 440 2241 caligare
463 2159 592 2243 oculos,
610 2179 724 2224 sonere
747 2161 854 2244 55115,
871 2161 1034 2225 succidere
1057 2166 1163 2244 artus,

300 2274 437 2356 denique
460 2274 627 2338 concidere
651 2295 690 2337 ex
714 2274 812 2337 animi
835 2282 954 2338 terrore
977 2273 1123 2338 videmus

300 2409 397 2472 saepe
420 2389 585 2470 homines3
603 2388 699 2452 facile
722 2393 756 2450 ut
779 2387 882 2468 quivis
905 2388 976 2452 hinc
998 2408 1130 2452 noscere
1153 2389 1255 2471 possit

300 2521 370 2568 esse
393 2504 532 2566 animam
555 2522 622 2564 cum
647 2501 751 2565 animo
776 2502 995 2577 coniunctam,
1013 2522 1095 2583 quae
1118 2523 1188 2568 cum
1212 2503 1310 2571 5111511
1331 2502 1364 2567 vi

63 2637 67 2642 ·
141 2657 144 2661 ·
226 2638 274 2684 1eo
299 2621 500 2701 percussam,
521 2615 604 2681 exim
628 2635 742 2699 corpus
764 2619 915 2701 propellit
937 2626 968 2682 et
989 2617 1063 2681 icit.

338 2733 426 2796 Haec
449 2730 561 2794 cadem
584 2730 665 2794 15115
690 2736 836 2793 55151515
857 2729 953 2793 551511
977 2736 1074 2811 atque
1097 2730 1216 2794 animai

301 2864 487 2930 corpoream
513 2844 605 2907 docet
628 2863 718 2907 csse:
736 2843 790 2905 ubi
813 2843 895 2906 enim
918 2844 1100 2927 propellere
1122 2836 1283 2930 membra,

300 2960 460 3042 corripere
483 2977 523 3022 ex
547 2977 657 3021 somno
681 2976 817 3039 corpus,
835 2962 1023 3038 mutareque
1045 2957 1164 3020 vultum

301 3079 397 3154 atque
423 3072 582 3136 hominem
604 3077 704 3137 totum
726 3090 838 3152 regere
860 3091 898 3135 ac
919 3084 1049 3136 versare
1072 3071 1214 3154 ridetur,

226 3209 274 3256 155
301 3207 430 3269 quorum
455 3185 499 3248 nil
522 3185 589 3250 fieri
613 3187 682 3251 sine
704 3192 788 3252 tactu
812 3206 908 3270 posse
931 3185 1095 3263 videmus,

301 3321 359 3366 nec
381 3307 498 3366 tactum
519 3321 615 3384 porro
639 3301 706 3366 sine
730 3321 881 3384 corpore,
896 3318 1014 3388 nonne·
1024 3299 1217 3364 fatendumst

300 3435 453 3499 corporea
474 3421 588 3478 551515
610 3413 751 3486 55115515
777 3421 922 3478 constare
945 3413 1175 3493 animamque?

300 3535 468 3611 practerea
490 3527 610 3610 pariter
632 3525 724 3608 iungi
748 3533 818 3592 culn
841 3546 974 3610 corpore
997 3531 1029 3590 et
1050 3546 1115 3589 una

300 3641 477 3706 consentire
499 3639 636 3704 animum
660 3641 752 3706 nobis
775 3643 806 3705 in
830 3660 962 3723 corpore
985 3639 1108 3704 5515151

226 3775 275 3824 115
301 3756 328 3822 51
350 3755 453 3820 minus
476 3754 610 3820 offendit
631 3755 729 3820 vitam
750 3756 797 3821 vis
819 3753 949 3818 horrida
970 3753 1026 3816 teli

300 3871 426 3937 ossibus
449 3889 488 3934 55
509 3869 616 3935 551115
640 3869 787 3935 disclusis
807 3869 892 3932 intus
915 3867 1049 3944 adacta,

299 3992 333 4049 51
353 3991 460 4051 tamen
482 3983 659 4066 insequitur
680 3983 816 4066 languor
838 3990 1007 4064 terraeque
1029 3982 1146 4066 petitus

305 4252 354 4302 145
373 4249 399 4298 id
418 4252 558 4302 omissam.
582 4248 595 4318 11
622 4252 668 4300 151
689 4249 901 4299 novitatiicietur.
925 4245 939 4319 11
966 4252 1015 4299 154
1034 4248 1119 4311 itaque
1137 4247 1260 4311 pallorem
1285 4244 1298 4316 l}
1326 4247 1374 4298 159
1394 4245 1419 4297 vi

303 4339 441 4410 5111155511.
463 4335 477 4412 ΙΙ
499 4341 548 4387 165
568 4335 656 4404 fieriu
678 4340 727 4386 170
746 4337 854 4386 offendis
874 4340 885 4400 11
906 4338 967 4386 leti.
989 4336 1002 4405 11
1024 4339 1072 4384 172
1091 4335 1235 4397 insequetur
