3108 5034
691 481 707 545 1

133 672 270 736 ossaque
294 659 325 716 et
347 651 475 716 omnino
498 671 599 716 venas
621 650 785 735 partisque
808 651 950 734 erueris,

131 769 185 832 fiet
207 769 253 832 uti
276 767 365 832 oibus
389 765 512 841 omnis,
536 770 566 829 et
588 763 697 830 aridus
720 771 753 829 et
773 765 879 846 liquor
899 765 990 850 ipse,

51 903 104 951 888
131 861 386 964 eii’alienigenis
409 880 505 946 rebus
528 883 674 944 constare
696 885 844 964 putetur,

132 997 259 1062 ossibus
282 1002 315 1060 et
336 995 443 1061 nervis
466 994 620 1077 venisque
644 999 675 1058 et
697 993 854 1077 sanguine
877 993 996 1058 mixto.

130 1117 299 1195 praeterea
324 1129 407 1191 quae
430 1129 565 1190 eumque
588 1129 605 1172 e
628 1114 713 1172 terra
735 1127 871 1193 corpora
894 1112 1040 1172 eresount

131 1225 158 1290 si
181 1225 309 1289 suntin
332 1225 446 1309 terris,
470 1231 585 1288 terram
609 1229 756 1291 constare
779 1227 944 1288 necessest

129 1357 169 1402 ex
193 1337 404 1422 alienigenis,
429 1357 512 1420 quae
534 1335 627 1403 ferris
650 1335 857 1401 exoriuntur.

52 1471 105 1516 aro
132 1453 271 1518 transfer
291 1453 387 1529 item,
411 1453 543 1516 totidem
566 1451 672 1516 verbis
695 1457 786 1516 utare
808 1451 935 1516 lieebit.

130 1565 162 1627 in
186 1566 282 1647 lignis
305 1567 332 1632 si
350 1567 482 1648 'flamma
505 1561 583 1635 iter
605 1565 775 1657 fumusque
799 1566 964 1648 einisque,

129 1697 169 1742 ex
192 1680 382 1762 alienigenis
405 1680 582 1744 consistant
603 1680 691 1763 ligna
714 1685 897 1746 necessest.

126 1799 295 1876 praeterea
318 1794 414 1858 tellus
437 1813 521 1875 quae
544 1814 679 1878 corpora
703 1813 838 1876 euinque
862 1794 938 1872 aiit',
964 1800 1060 1878 auget

127 1925 168 1970 ex
191 1907 402 1990 alienigenis,
427 1927 512 1988 quae
534 1908 724 1992 alienigenis
747 1910 909 1973 oriuntur.

50 2040 100 2086 ais
171 2021 337 2103 Linquitur
360 2023 411 2088 hio
435 2021 593 2103 quaedam
617 2024 765 2089 latitandi
788 2025 881 2107 eopia
903 2024 1027 2107 tenvis,

128 2135 160 2198 id
185 2134 270 2216 quod
292 2139 502 2220 Anaxagoras
525 2136 587 2202 sibi
609 2137 724 2220 sumit,
748 2142 784 2200 ut
806 2137 954 2201 omnibus
978 2135 1082 2200 omnis

127 2269 179 2314 res
200 2254 291 2334 putet
312 2250 463 2314 inmixtas
485 2251 580 2315 rebus
602 2252 748 2334 latitare,
772 2251 830 2316 sed
851 2248 933 2314 illud

127 2383 283 2447 apparere
305 2385 422 2448 unum,
446 2365 536 2428 ouius
559 2365 623 2428 sint
644 2365 782 2449 plurima
804 2365 906 2428 mixta

128 2485 160 2542 et
179 2478 284 2562 magis
306 2479 340 2542 in
361 2484 509 2562 promptu
533 2479 697 2562 primaque
719 2481 752 2544 in
775 2479 880 2544 fronte
903 2479 1030 2543 locata.

52 2610 104 2657 880
130 2591 215 2673 quod
237 2599 346 2658 tamen
369 2613 388 2656 a
410 2611 489 2658 vera
511 2593 607 2676 longe
630 2595 754 2660 ratione
776 2595 991 2678 repulsumst.

129 2706 338 2771 conveniebat
359 2705 443 2772 enim
466 2706 577 2789 fruges
601 2728 727 2789 quoque
749 2693 869 2792 saepe,
893 2707 1009 2772 minaei

128 2821 242 2885 robore
264 2839 336 2884 euin
359 2822 429 2885 saxi
452 2819 661 2905 franguntur,
684 2821 808 2888 mittere
830 2823 955 2907 siguum

127 2933 293 3015 sanguinis
316 2942 371 2998 aut
393 2935 533 3018 aliquid,
558 2944 666 3002 nostro
690 2957 772 3019 quae
796 2955 928 3020 eorpore
950 2935 1100 3013 aluntur3

129 3068 202 3112 eum
222 3047 321 3130 lapidi
345 3049 483 3132 lapidem
507 3051 658 3132 terimus,
684 3071 812 3116 manare
835 3071 999 3116 eruorem.

50 3182 103 3229 aen
128 3159 285 3225 oonsimili
308 3163 431 3227 ratione
454 3163 570 3227 herbas
595 3183 722 3244 quoque
745 3183 843 3248 saepe
866 3165 1002 3230 deeebat

129 3281 161 3340 ei
184 3275 284 3340 laricis
308 3277 410 3341 duleis
432 3259 540 3360 guttas
562 3277 721 3358 similique
743 3297 859 3361 sapore

127 3390 272 3472 mittere,
295 3389 461 3473 lanigerae
486 3391 573 3472 quali
596 3397 669 3456 sunt
691 3391 789 3457 ubere
811 3391 923 3466 laetis,

127 3504 268 3588 seilioet,
292 3510 323 3569 et
345 3505 448 3588 glebis
470 3511 627 3571 terrarum
651 3525 748 3590 saepe
772 3505 875 3570 friatis

127 3617 299 3682 herbarum
322 3639 443 3701 genera
467 3626 498 3684 et
519 3619 628 3704 fruges
650 3619 845 3702 frondesque
866 3620 968 3684 videri

51 3751 102 3798 800
127 3729 297 3815 dispertita
318 3733 399 3798 inter
420 3740 534 3800 terram
559 3735 685 3799 latitare
707 3735 848 3813 minute,

126 3851 287 3928 postremo
310 3847 344 3911 in
366 3847 463 3929 lignis
485 3849 624 3913 einerem
646 3849 832 3930 fumumque
854 3843 976 3932 videri,

127 3979 200 4023 oum
222 3960 403 4045 praefracta
425 3962 549 4040 forent,
572 3963 721 4050 ignisque
744 3965 844 4029 latere
867 3965 1024 4026 minutos.

127 4081 265 4156 quorum
283 4075 330 4139 nil
352 4075 420 4142 fieri
445 4077 596 4158 quoniam
619 4077 788 4142 manifesta
810 4077 903 4142 donet
925 4094 996 4157 888,

126 4346 175 4392 866
195 4345 316 4416 sanieque
337 4341 350 4411 ΙΙ
370 4343 468 4392 mixta.
489 4337 502 4410 ΙΙ
523 4343 573 4390 874
593 4356 657 4402 quae
676 4341 751 4403 lignis
772 4337 786 4409 ΙΙ
806 4343 856 4390 882
876 4356 934 4398 oiim
953 4339 979 4386 iri
999 4335 1012 4406 ll
1033 4339 1083 4387 884
1102 4336 1128 4382 in
1143 4336 1252 4398 lapidem

127 4440 239 4480 tenemus
260 4429 273 4499 Η
293 4434 344 4480 885
363 4429 446 4480 herbis
467 4427 480 4496 Η
502 4431 551 4477 886
570 4429 658 4476 latices
679 4425 691 4495 l!
712 4431 763 4476 890
782 4429 808 4476 iri
828 4425 841 4493 ΙΙ
862 4429 912 4475 893
931 4442 970 4474 888
990 4427 1129 4475 omissum.
