3140 5036
715 391 758 453 lll

173 577 244 623 esse
266 559 389 623 animos
412 559 598 640 animasque
621 558 700 627 levis
721 565 757 622 ut
778 575 911 622 noscere
932 559 1057 642 possis,

172 671 352 752 conquisita
375 670 428 734 diu
452 671 600 752 dulcique
623 675 749 754 reperta
771 671 883 735 labore
940 664 943 670 ’

94 803 147 849 444
173 783 272 868 digna
294 790 349 847 tua
371 803 504 868 pergam
530 785 699 868 disponere
723 785 863 849 carmina
887 805 981 849 cura.

171 904 204 961 tu
226 897 278 962 fae
300 904 467 979 utrumque
491 899 545 962 uni
569 898 743 979 subiungas
766 917 880 961 nomen
905 917 1033 982 eorum,

172 1018 267 1092 atque
291 1011 430 1075 animam
453 1012 542 1076 verbi
565 1032 664 1076 causa
687 1031 758 1076 cum
782 1011 886 1076 dicere
909 1031 1063 1094 pergam,

171 1125 337 1188 mortalem
361 1145 433 1189 esse
456 1125 594 1204 decane,
611 1124 750 1187 animum
774 1143 900 1205 quoque
923 1124 1029 1189 dicere
1052 1125 1187 1210 eredas,

172 1244 351 1317 quatenus
374 1245 422 1302 est
443 1259 539 1301 unum
562 1239 644 1302 inter
667 1257 701 1302 se
724 1239 954 1319 coniunctaque
978 1260 1028 1304 res
1051 1246 1118 1304 est.

93 1369 146 1416 425
170 1351 327 1434 principio
352 1351 500 1432 quoniam
524 1357 650 1416 tenuem
675 1357 821 1417 constare
843 1353 971 1417 minutis

173 1465 360 1547 corporibus
382 1465 474 1529 docui
493 1465 660 1546 multoque
682 1467 857 1530 minoribus
882 1486 953 1531 esse
1006 1513 1010 1520 .

170 1577 335 1660 principiis
357 1577 473 1642 saetam
497 1599 591 1660 quam
614 1580 753 1660 liquidus
776 1601 865 1644 umor
888 1581 985 1660 aquai

172 1697 227 1754 aut
248 1691 367 1755 nebula
390 1697 442 1755 aut
464 1691 588 1776 sumus,
606 1693 671 1757 iam
693 1695 789 1776 longe
810 1695 988 1759 mobilitate

170 1809 315 1888 praestat
338 1811 369 1869 et
391 1825 411 1868 a
432 1809 518 1870 tenui
543 1797 640 1872 causa
662 1809 764 1890 magis
786 1809 851 1873 icta
872 1815 1034 1900 movetur.

94 1939 144 1985 444
173 1919 259 2000 quod
281 1939 382 2001 genus
406 1927 472 1997 cst,
490 1921 609 1986 somnis
632 1923 727 2006 sopiti
748 1923 801 1986 ubi
826 1922 984 1987 cernimus
1007 1923 1071 1986 alte

172 2033 301 2098 exalare
324 2053 475 2116 vaporem
500 2035 616 2110 altaria
638 2035 785 2117 ferreque
807 2037 947 2100 furnum.

95 2168 147 2214 444
172 2167 255 2210 nunc
274 2146 371 2228 igitur
394 2149 543 2229 quoniam
568 2151 726 2230 quassatis
748 2150 889 2230 undiquc
912 2149 999 2213 vasis

171 2259 318 2325 diffluere
340 2281 483 2325 umorem
506 2269 538 2326 et
559 2264 685 2328 laticem
708 2263 873 2328 discedere
897 2263 1019 2344 cernis,

172 2381 204 2439 et
221 2360 343 2439 'nebula
366 2395 404 2439 ac
427 2374 533 2441 tumus
556 2378 705 2459 quoniam
730 2377 864 2442 discedit
885 2377 918 2438 in
941 2395 1055 2459 auras,

173 2488 267 2553 crede
289 2491 428 2554 animam
454 2509 580 2572 quoque
604 2491 738 2556 diffundi
760 2492 924 2572 multoque
947 2491 1053 2574 perire

173 2603 261 2667 ocius
284 2608 315 2667 et
336 2604 427 2669 citius
450 2605 581 2669 dissolvi
604 2606 635 2668 in
660 2625 794 2688 corpora
816 2605 940 2688 prima,

173 2737 244 2780 eum
267 2719 366 2782 semel
389 2739 428 2782 ex
450 2718 588 2784 hominis
610 2719 759 2782 membris
783 2719 892 2782 ablata
915 2718 1065 2783 recessit:

74 2851 148 2897 ·444
174 2830 290 2914 quippe
316 2833 432 2896 etenim
456 2853 589 2918 corpus,
606 2833 691 2915 quod
714 2853 770 2898 vas
794 2834 884 2914 quasi
909 2835 1047 2897 constitit
1069 2833 1157 2918 eius,

173 2965 267 3026 quam
290 2945 439 3011 cohibere
461 2947 572 3026 nequit
594 2954 838 3029 conquassatum
863 2968 902 3010 ex
926 2948 1089 3028 aliquare

173 3079 212 3122 ao
235 3061 422 3125 rarefactum
447 3060 589 3124 detracto
614 3061 768 3142 sanguine
790 3060 900 3143 venis,

172 3179 246 3236 abre
269 3175 322 3255 qui
346 3175 460 3239 credas
481 3191 577 3256 posse
600 3173 683 3238 hane
706 3171 885 3238 cohiberier
906 3175 1000 3238 ullo?

172 3305 305 3370 corpore
328 3289 382 3370 qui
405 3295 512 3353 nostro
536 3307 627 3351 rarus
650 3289 801 3371 magieis
825 3287 1022 3353 eobibessit?

93 3374 147 3465 444
216 3403 387 3467 Praeterea
409 3401 496 3486 gigni
520 3401 640 3484 pariter
662 3422 732 3466 cum
755 3421 889 3486 corpore
912 3409 942 3466 et
964 3421 1029 3466 una

173 3498 314 3579 crescere
338 3517 489 3580 sentimus
511 3517 693 3598 pariterque
716 3535 884 3581 senescere
907 3522 1063 3580 mentem.
1147 3551 1155 3569 ι

172 3648 246 3692 nam
268 3631 319 3694 vel
342 3636 377 3693 ut
398 3630 520 3694 infirmo
544 3630 634 3714 pueri
656 3637 830 3712 teneroque
852 3637 1009 3714 vagantur

172 3761 325 3826 corpore,
343 3743 388 3808 sic
410 3743 507 3807 animi
531 3745 672 3826 sequitur
694 3746 853 3810 sententia
874 3745 995 3809 tenvis:

172 3939 371 3950 --.-·———-.---

175 4071 227 4119 420
245 4069 313 4120 vite.
334 4069 349 4141 Η
372 4074 421 4121 421
442 4087 493 4120 uno
517 4069 529 4139 Η
549 4085 624 4121 nome
649 4068 661 4138 Η
687 4073 737 4120 428
755 4085 815 4120 nem
839 4067 852 4138 Η
877 4071 927 4120 429
946 4069 1061 4118 Prestcta
1085 4067 1097 4138 Η
1122 4071 1173 4120 430
1192 4071 1292 4135 Quippe

173 4157 217 4204 ubi
237 4158 391 4221 imaginibus
410 4160 473 4207 fumi
492 4159 649 4219 nebulaeque
667 4165 814 4205 moventur.
848 4153 861 4223 Η
893 4159 942 4203 431
969 4156 995 4202 in
1018 4157 1112 4204 somuis
1141 4155 1155 4223 Η
1183 4159 1250 4205 alta.
1276 4155 1290 4224 11

173 4245 224 4291 432
249 4259 342 4306 vapore
370 4241 383 4313 Η
413 4247 463 4294 433
489 4244 555 4292 Nam
577 4245 666 4308 procul
689 4243 751 4292 haec
776 4242 854 4290 dubio
878 4241 951 4314 nebis
973 4241 1108 4290 simulacra
1130 4251 1251 4303 geruntur
1276 4241 1290 4312 Η

173 4331 223 4378 437
244 4329 341 4380 Credeo
362 4330 375 4401 Η
396 4335 447 4381 438
467 4331 547 4396 Opius
568 4327 581 4399 Η
601 4334 648 4380 441
671 4331 735 4381 Cum
756 4327 769 4398 Η
790 4332 841 4377 444
861 4329 887 4376 in
906 4327 1061 4385 colribcscit,
