3140 5032
288 429 350 491 228
833 417 875 480 Vl

214 615 264 661 676
290 592 343 675 qui
368 613 431 656 non
454 595 528 654 ante
551 589 690 670 aliquem
714 587 866 652 maiorem
891 586 989 662 vidit,
1007 592 1039 650 et
1060 585 1174 666 ingens

291 706 386 771 arbor
409 706 567 786 homoque
590 703 734 781 videtur,
752 708 784 768 et
806 702 914 766 omnia
936 701 977 765 de
999 719 1120 785 genere
1143 701 1229 764 omni

290 821 432 885 maxima
456 839 536 900 quae
558 817 637 883 vidit
660 818 814 900 quisque,
831 817 914 882 haec
936 817 1079 896 ingentia
1101 814 1211 897 fingit,

291 956 361 1000 cum
385 940 491 998 tamen
516 932 623 998 omnia
646 953 717 997 oum
740 933 831 996 caelo
854 938 1003 1013 terraque
1026 931 1172 1012 marique

290 1051 335 1113 nil
358 1050 422 1114 siut
443 1049 484 1113 ad
508 1067 662 1113 summam
686 1048 818 1112 summai
843 1047 939 1111 totius
963 1066 1108 1112 omnem.

216 1188 267 1234 660
333 1165 427 1229 Nunc
448 1171 555 1227 tamen
578 1162 636 1225 illa
657 1162 762 1227 modis
785 1163 901 1244 quibus
923 1161 1052 1226 inritata
1074 1167 1205 1246 repente

290 1280 419 1345 flamma
441 1278 530 1344 foras
552 1277 653 1343 vastis
675 1278 799 1342 Aetnae
822 1277 1008 1342 fornacibus
1031 1276 1136 1361 efflet,

293 1393 484 1478 expediam.
500 1393 635 1477 primum
658 1393 753 1457 totius
777 1393 920 1458 subcava
943 1392 1058 1456 montis

294 1514 341 1573 est
364 1514 498 1591 natura,
515 1507 583 1572 fere
607 1506 732 1571 silicum
755 1506 886 1570 suffulta
908 1507 1075 1573 cavernis.

293 1623 440 1690 omnibus
463 1629 511 1687 est
532 1643 628 1706 porro
651 1622 684 1684 in
707 1621 868 1706 speluncis
890 1627 1002 1686 ventus
1025 1627 1057 1684 et
1079 1627 1154 1686 adr.
1194 1604 1199 1614 ¹

219 1762 268 1808 685
293 1744 406 1804 ventus
430 1738 514 1801 enim
537 1737 591 1821 fit,
608 1737 661 1800 ubi
685 1743 733 1800 est
755 1736 907 1818 agitando
932 1735 1069 1819 percitus
1092 1744 1168 1802 atr:

295 1854 346 1918 bio
369 1854 423 1917 ubi
445 1851 600 1937 percaluit
623 1851 691 1916 cale
714 1851 854 1932 fecitque
876 1852 985 1916 omnia
1008 1853 1124 1918 circum

294 1989 375 2033 saxa
398 1967 528 2042 furens,
545 1987 610 2048 qua
633 1966 806 2049 contingit,
822 1973 1022 2048 terramque,
1041 1975 1071 2031 et
1094 1969 1136 2034 ab
1160 1969 1233 2033 ollis

295 2082 435 2148 excussit
457 2081 594 2146 calidum
617 2080 752 2146 flammis
774 2081 939 2146 velocibus
961 2081 1090 2162 ignem,

294 2199 377 2262 tollit
399 2216 433 2262 se
457 2215 496 2260 ac
519 2196 613 2261 rectis
636 2195 682 2259 ita
704 2193 850 2259 faucibus
873 2194 946 2258 eicit
968 2196 1051 2261 alte.

221 2336 270 2382 690
296 2312 355 2379 fert
377 2313 487 2394 itaque
511 2312 658 2376 ardorem
681 2310 795 2393 longe,
813 2309 974 2393 longeque
997 2310 1141 2377 favillam

296 2428 420 2506 differt,
438 2433 469 2492 et
491 2447 602 2492 crassa
624 2425 724 2490 volvit
746 2425 885 2507 caligine
908 2426 1047 2511 fumum,

296 2543 498 2624 extruditque
521 2543 614 2607 simul
638 2540 783 2606 mirando
806 2541 953 2626 pondere
973 2562 1073 2626 saxa;

295 2678 335 2721 ne
358 2657 484 2722 dubites
508 2657 585 2738 quin
608 2657 686 2721 haee
709 2655 827 2720 animai
850 2655 977 2720 turbida
999 2656 1040 2720 sit
1062 2657 1130 2723 vis.

295 2781 463 2860 praeterea
484 2792 602 2854 magna
626 2791 665 2835 ex
687 2771 769 2855 parti
793 2791 880 2835 mare
903 2772 1017 2836 montis
1040 2774 1081 2835 ad
1105 2773 1173 2839 eius

222 2912 271 2958 696
297 2889 424 2954 radices
446 2887 565 2969 frangit
586 2885 699 2950 fluctus
723 2892 910 2968 aestumque
933 2887 1096 2952 resorbet.

297 3025 336 3068 ex
358 3003 419 3068 boc
441 3021 542 3084 usque
565 3000 644 3064 mari
668 3001 840 3086 speluncae
862 3002 980 3067 montis
1003 3003 1045 3066 ad
1068 3005 1152 3069 altas

295 3117 483 3203 perveniunt
506 3118 613 3182 subter
635 3115 745 3181 fauces
759 3165 766 3180 .
782 3115 844 3180 hac
865 3116 912 3181 ire
934 3114 1129 3182 fatendumst

297 3239 329 3299 et
350 3239 518 3317 penetrare
542 3231 639 3297 maris
661 3231 789 3316 penitus
811 3237 960 3316 percocta
983 3232 1015 3296 in
1039 3239 1183 3319 apertum

297 3355 394 3430 atque
418 3347 529 3412 efflare
552 3346 658 3425 foras,
675 3347 812 3429 ideoque
835 3347 987 3413 extollere
1009 3347 1172 3412 flammam

224 3484 272 3530 ruo
297 3482 440 3544 saxaque
463 3462 642 3527 subiectare
665 3467 697 3526 et
718 3481 835 3526 arenae
857 3462 970 3526 tollere
993 3461 1136 3528 nimbos.

297 3577 329 3640 in
354 3597 476 3642 summo
500 3583 572 3640 sunt
593 3577 713 3642 vertice
736 3575 820 3640 enim
843 3583 1002 3660 crateres,
1019 3583 1053 3640 ut
1074 3577 1135 3662 ipsi

296 3692 507 3770 nominitant3
523 3713 583 3758 nos
606 3689 693 3773 quod
715 3689 827 3756 fauces
850 3690 1055 3774 perbibemus
1077 3699 1109 3757 et
1131 3714 1209 3758 ora.

307 3817 315 3832 ⁸
337 3807 417 3872 Sunt
439 3807 561 3890 aliquot
583 3825 708 3888 quoque
731 3825 782 3869 res
806 3826 938 3888 quarum
962 3827 1059 3870 unam
1083 3807 1189 3874 dicere
1212 3831 1341 3875 causam

300 3943 364 3987 non
387 3922 466 3987 satis
489 3928 557 4000 est,
573 3941 681 3987 verum
705 3921 825 4006 pluris,
843 3921 927 3986 unde
948 3942 1013 3986 una
1034 3929 1140 3987 tamen
1163 3923 1223 4008 sit;

225 4057 274 4105 705
300 4057 415 4120 corpus
436 4043 471 4101 ut
494 4036 675 4103 exanimum
699 4035 815 4120 simod
836 4037 950 4121 procul
971 4037 1041 4122 ipse
1063 4036 1168 4102 iacere

298 4213 499 4220 ——·-———-——-.

302 4315 351 4361 676
371 4313 471 4361 omnis.
492 4310 504 4380 ll
526 4314 576 4362 683
595 4312 706 4362 sillicum
729 4309 743 4380 ΙΙ
767 4315 816 4362 687
837 4314 945 4378 contigit
965 4312 978 4381 ll
999 4315 1049 4363 690
1068 4314 1137 4376 itque
1158 4311 1171 4380 Η
1192 4315 1242 4363 696
1261 4315 1385 4364 resolvet.
1406 4314 1421 4385 Η

301 4401 351 4448 698
369 4399 434 4448 mari
452 4399 551 4464 penitus
570 4413 608 4448 res
627 4400 698 4463 cogit
716 4408 820 4464 aperto.
842 4399 854 4470 ll
877 4404 924 4452 701
945 4401 1064 4452 verticeni
1087 4400 1099 4470 Η
1122 4404 1171 4454 705
1191 4403 1300 4452 iaceret.
