3108 5034
648 455 678 523 Ii
721 527 723 530 .

98 635 130 694 et
151 649 204 695 res
226 629 376 715 progigni
398 634 430 695 et
451 629 577 713 genitas
599 648 804 715 procrescere
828 649 943 713 posse.

98 763 170 809 esse
192 743 288 824 igitur
310 737 436 826 genere
451 745 485 808 in
508 745 619 826 quovis
641 735 816 829 primordia
838 763 942 807 rerum

99 857 223 922 infinita
244 857 352 942 palam
375 864 442 934 est,
459 858 543 922 unde
567 858 674 922 omnia
695 857 959 942 suppeditantur.

137 971 206 1036 Neo
229 993 380 1056 superare
403 979 521 1055 queunt
542 978 645 1038 motus
667 973 777 1055 itaque
800 971 944 1039 exitiales
1025 1011 1026 1016 κ

20 1106 73 1153 oro
98 1092 251 1171 perpetuo
275 1107 379 1170 neque
401 1088 434 1152 in
457 1095 619 1152 aeternum
642 1088 778 1172 sepelire
801 1087 960 1172 salutem,

97 1221 157 1266 nec
178 1222 274 1285 porro
297 1216 401 1266 rerum
423 1202 583 1282 genitales
607 1195 806 1284 auctificique

99 1322 202 1380 motus
224 1323 378 1401 perpetuo
400 1323 535 1400 possunt
556 1336 685 1382 serrare
708 1322 837 1380 creata.

100 1430 146 1495 sic
168 1451 271 1514 aequo
294 1432 412 1512 geritur
435 1432 607 1496 certamine
630 1431 857 1516 principiorum

98 1563 139 1608 ex
162 1545 284 1610 infinito
308 1552 500 1610 contractum
523 1551 666 1630 tempore
689 1547 829 1610 bellum.

18 1678 71 1724 575
99 1679 183 1723 nune
206 1659 257 1723 hic
279 1681 363 1724 nnnc
385 1660 449 1722 illic
471 1665 624 1744 superant
646 1660 757 1723 vitalia
780 1681 903 1744 rerum,

100 1779 132 1837 ct
154 1779 345 1858 superantur
367 1773 463 1838 item.
480 1775 629 1840 misectur
651 1773 761 1839 funere
783 1795 903 1859 vagor,

98 1908 192 1970 quem
214 1889 305 1972 pueri
327 1889 442 1952 tollunt
463 1889 594 1954 visentis
617 1891 744 1953 luminis
767 1909 863 1954 oras:

98 2023 159 2068 neo
181 2024 245 2068 nox
266 2003 333 2067 ulla
355 2003 440 2068 diem
462 2023 567 2087 neque
590 2011 715 2068 noctem
739 2023 856 2068 aurora
880 2008 1036 2078 secutast,

98 2138 182 2200 quae
205 2137 267 2181 non
292 2119 427 2182 audierit
448 2111 563 2183 mixtos
585 2120 744 2199 vagitibus
768 2119 874 2199 aegris

19 2254 70 2300 oso
96 2233 262 2316 ploratus,
279 2233 389 2296 mortis
412 2233 543 2296 comites
567 2238 598 2296 et
620 2232 737 2296 funeris
760 2233 839 2295 atriss

101 2400 103 2404 .
137 2345 221 2410 luud
243 2347 276 2409 iu
298 2347 348 2410 his
371 2346 573 2428 obsignatum
598 2366 722 2428 quoquc
745 2347 839 2410 rebus
861 2345 981 2410 habere

94 2461 248 2527 convenit
270 2467 302 2525 ct
323 2461 454 2524 memori
477 2459 660 2524 mandatum
682 2468 788 2525 mente
811 2467 939 2543 tenere,

97 2576 146 2640 nil
169 2595 260 2653 esse,
276 2577 309 2638 in
331 2579 479 2660 promptu
501 2595 633 2656 quorum
655 2581 767 2638 natura
789 2574 932 2648 videtur,

26 2719 34 2734 ·
98 2696 186 2774 quod
209 2710 328 2772 genere
352 2711 391 2754 ex
413 2711 475 2755 uno
499 2690 651 2754 consistat
672 2689 919 2775 principiorum,

22 2828 71 2876 oso
99 2806 352 2890 necquicquam
376 2807 461 2887 quod
484 2825 548 2869 non
570 2805 726 2889 permixto
751 2804 871 2868 semine
895 2806 1036 2866 constet:
1056 2885 1059 2891 Ι

98 2928 132 2988 et
154 2919 396 3002 quodcumque
418 2921 523 3002 magis
546 2919 593 2984 vis
615 2911 730 2983 multas
752 2917 897 3003 possidet
918 2917 951 2980 in
974 2935 1008 2979 se

96 3044 196 3118 atque
218 3041 413 3120 potestates,
430 3035 474 3098 ita
495 3035 633 3118 plurima
655 3033 881 3118 principiorum

96 3153 133 3216 in
156 3169 228 3215 sese
251 3170 371 3232 genera
394 3163 432 3212 ac
454 3149 560 3212 varias
584 3149 677 3212 docet
700 3167 771 3211 esse
794 3147 931 3226 figuras.

96 3264 257 3352 principio
280 3263 374 3328 tellus
394 3261 494 3327 habet
515 3263 548 3325 in
571 3281 605 3326 se
628 3281 762 3344 corpora
783 3261 907 3344 prima,

22 3402 72 3448 oso
98 3380 187 3444 unde
208 3397 297 3444 mare
320 3377 497 3442 inmensum
519 3377 683 3440 volventes
706 3373 828 3457 frigora
850 3373 954 3436 fontes

98 3491 235 3558 adsidue
257 3495 430 3573 renovent,
448 3491 545 3556 habet
567 3489 658 3573 ignes
680 3489 764 3552 unde
776 3487 947 3602 griantur:

99 3628 176 3672 nam
198 3605 306 3669 multis
328 3625 482 3670 succensa
503 3603 583 3668 locis
607 3604 718 3668 ardent
740 3603 810 3667 sola
832 3609 955 3686 terrae,

99 3720 227 3788 eximiis
249 3740 324 3784 vero
346 3719 420 3782 furit
442 3719 570 3800 ignibus
592 3718 727 3802 impetus
749 3717 892 3782 Aetnae:

97 3843 167 3900 tum
189 3854 283 3918 porro
307 3833 424 3898 nitidas
446 3833 556 3914 fruges
578 3833 771 3913 arbustaque
793 3832 881 3894 laeta
969 3851 971 3858 ¹

24 3972 71 4020 eoo
97 3949 250 4036 gentibus
272 3947 418 4012 humanis
440 3947 537 4011 habet
557 3946 641 4010 unde
664 3945 817 4009 extoliere
839 3945 960 4027 possit,
989 3967 999 3982 κ

25 4057 30 4066 ’
98 4063 188 4128 unde
210 4063 306 4128 etiarn
327 4061 440 4127 fluvios
462 4058 592 4123 frondes
616 4065 647 4122 et
668 4057 789 4142 pabula
810 4058 896 4119 laeta
1034 4053 1036 4058 ’

97 4176 287 4260 montivago
309 4173 420 4258 generi
441 4172 543 4258 possit
563 4172 721 4255 praebere
743 4169 902 4232 ferarum.

102 4423 155 4470 586
175 4419 207 4466 Et
226 4432 290 4480 quae
311 4413 324 4484 Η
344 4418 394 4466 593
413 4415 453 4463 Ex
470 4413 528 4464 imis
