3108 5034
667 394 697 458 Π

45 585 95 631 000
121 585 190 628 cum
213 571 323 630 tamen
344 563 428 628 inter
451 583 485 628 se
507 583 618 628 versus
641 583 679 628 ac
701 565 801 629 verba
823 584 953 630 necesse
976 572 1025 630 est

122 677 290 743 confiteare
313 679 378 741 alia
401 697 440 742 ex
464 677 537 742 aliis
560 683 707 744 constare
730 678 915 755 elementis;

123 811 185 854 000
209 811 270 872 quo
294 792 395 882 multa
418 811 528 874 parurn
552 791 728 856 communis
751 791 858 856 littera
880 797 986 856 currat

124 910 177 968 ant
198 905 279 969 nulli
300 905 383 970 inter
405 925 438 970 se
462 905 525 970 duo
548 906 612 970 sint
632 924 671 969 en
694 906 841 971 omnibus
863 905 969 990 idem,

121 1018 179 1084 sed
202 1019 362 1100 quianon
385 1021 487 1101 volgo
502 1020 595 1104 paria
617 1020 764 1084 omnibus
786 1021 893 1086 omnia
916 1027 1079 1086 constent.

44 1152 95 1199 095
122 1133 167 1198 sic
189 1133 263 1198 aliis
285 1135 317 1197 in
341 1135 435 1198 rebus
458 1133 533 1198 item
557 1133 736 1198 eommunia
758 1135 857 1198 multa

120 1247 288 1310 multarum
309 1268 413 1312 rerum
437 1268 509 1312 cum
532 1247 595 1312 sint
617 1246 810 1331 primordia,
827 1267 935 1312 verum

120 1359 264 1424 dissimili
287 1366 394 1424 tamen
416 1361 498 1425 inter
521 1381 555 1424 se
577 1361 751 1426 consistere
773 1381 897 1426 summa

121 1480 272 1557 possunt;
289 1481 323 1538 ut
344 1475 457 1542 merito
481 1494 520 1540 ex
543 1475 615 1540 aliis
639 1481 784 1540 constare
807 1475 929 1540 feratur

121 1587 290 1652 humanum
313 1609 416 1672 genus
439 1595 471 1654 et
492 1587 601 1673 fruges
623 1591 815 1671 arbustaque
837 1590 944 1654 laeta.

44 1722 93 1768 700
160 1703 228 1766 Nec
248 1709 356 1768 tamen
379 1703 568 1768 omnimodis
592 1703 716 1768 conecti
737 1723 834 1787 posse
857 1705 1031 1786 putandum
1055 1712 1104 1770 est

118 1817 245 1882 omnia:
263 1837 336 1880 nam
358 1818 453 1898 volgo
476 1817 543 1880 fieri
567 1823 714 1900 portenta
735 1819 881 1901 videres,
936 1787 953 1808 l

115 1931 282 1996 semiferas
304 1931 465 1996 hominum
488 1933 612 2016 species
636 1933 790 2010 existere,
807 1939 837 1996 et
860 1933 943 1997 altos

115 2045 199 2108 inter
221 2045 295 2108 dum
318 2067 423 2112 ramos
447 2047 554 2128 egigni
578 2066 711 2130 corpore
737 2047 830 2130 vivo,

87 2204 88 2208 ,
114 2159 278 2240 multaque
301 2161 424 2225 conecti
445 2161 607 2226 terrestria
629 2162 773 2225 membra
795 2161 947 2244 marinis,

41 2292 87 2339 705
113 2278 183 2336 tum
205 2272 367 2337 flammam
390 2256 497 2338 taetro
514 2275 662 2359 spirantis
686 2294 740 2339 ore
764 2273 952 2338 Chimaeras

112 2407 250 2471 pascere
274 2394 420 2452 naturam
442 2409 500 2473 per
521 2396 625 2456 terras
649 2389 894 2473 omniparentis.
912 2417 915 2422 ’

114 2521 251 2582 quorum
274 2495 320 2574 011
342 2502 410 2570 fieri
433 2503 637 2568 manifestum
661 2509 727 2584 est,
745 2503 853 2568 omnia
876 2503 1004 2584 quando

114 2616 290 2681 seminibus
314 2617 407 2680 certis
430 2623 518 2680 corta
540 2619 704 2696 genetrice
729 2624 838 2681 creata
866 2607 868 2611 ’

112 2750 304 2796 conservare
326 2750 429 2810 genus
452 2733 628 2796 crescentia
650 2751 747 2816 posse
768 2732 930 2796 videmus.

40 2865 87 2911 00
113 2845 255 2928 scilicet,
272 2844 304 2908 id
327 2852 413 2910 certa
435 2845 502 2910 fieri
526 2848 649 2911 ratione
673 2853 854 2912 necessust.

112 2981 190 3024 narn
214 2980 271 3024 sua
293 2960 405 3040 cuique
429 2961 507 3025 cibis
531 2980 572 3024 cx
595 2963 740 3040 omnibus
763 2959 846 3025 intus
868 2963 901 3024 in
924 2969 1011 3025 artus

111 3094 249 3157 corpora
272 3073 439 3137 discedunt
460 3094 649 3169 conexaque
673 3075 890 3138 convenientis

112 3187 257 3252 efficiunt
277 3193 402 3251 motus:
420 3193 454 3250 at
476 3197 587 3252 contra
610 3187 717 3252 aliene
737 3187 881 3252 videmus

110 3301 235 3366 reicere
257 3302 289 3364 in
311 3307 414 3366 terras
437 3307 606 3378 naturam,
622 3302 783 3384 multaque
806 3301 911 3366 caecis

40 3435 85 3481 00
112 3416 298 3498 corporibus
321 3415 447 3497 fugiunt
466 3435 484 3480 e
508 3401 800 3501 corp01·e,peroita
822 3415 949 3500 plagis,

112 3549 199 3610 quae
220 3549 325 3610 neque
348 3529 469 3594 conecti
492 3549 651 3609 quoquam
674 3537 806 3613 potuere
829 3551 934 3612 neque
957 3531 1043 3595 intus
1069 3539 1070 3543 ’

110 3645 219 3708 vitalis
241 3649 345 3708 motus
368 3643 546 3708 consentire
567 3651 663 3722 atque
686 3645 820 3738 imitari.

111 3757 171 3823 scd
194 3777 234 3822 00
257 3755 339 3822 forte
362 3764 454 3841 putes
477 3756 629 3820 animalia
651 3757 721 3819 sola
743 3760 846 3822 teneri

110 3873 238 3956 legibus
259 3870 329 3953 his,
347 3869 504 3951 quaedam
529 3871 609 3935 ratio
633 3869 831 3934 disterminat
853 3871 980 3934 omnia.

40 4003 84 4051 00
111 4006 187 4051 narn
210 3986 261 4051 vel
284 3985 331 4050 uti
351 3973 420 4062 tota
442 3990 556 4048 natura
571 3981 749 4078 'dissimiles
771 3988 844 4048 sunt

116 4251 168 4302 603
186 4250 257 4300 nulla
277 4248 290 4319 11
311 4250 360 4300 696
379 4247 519 4315 primordia
542 4263 641 4298 rerum.
662 4244 675 4318 11
697 4249 745 4299 706
770 4249 855 4300 omnia
877 4248 1006 4315 parentis.
1027 4247 1040 4320 Η
1062 4250 1199 4303 7161010.
1220 4251 1234 4322 Η

117 4340 167 4410 Ῑ19
187 4337 285 4388 omnis.
