3108 5034
729 383 762 448 Il

754 503 769 528 .

180 557 349 636 praeterea
371 571 508 634 magnae
529 553 674 636 legiones
696 572 767 615 cum
790 553 860 616 1333
883 574 977 618 33333

183 685 365 748 camporum
389 665 569 748 complent,
585 665 662 730 belli
686 665 856 730 simulacra
878 667 1019 752 cientes,

107 799 157 846 333
181 778 285 863 firlgor
306 779 351 842 ibi
374 777 416 842 ad
441 779 563 842 3331333
587 797 622 842 33
644 779 747 856 tollit,
764 785 893 860 totaque
916 781 1034 846 circum

181 913 256 959 aere
278 891 450 956 renidescit
471 891 585 967 tellus,
603 896 775 976 supterque
797 894 899 958 virum
918 896 950 958 vi

182 1007 302 1073 excitur
323 1006 462 1090 pedibus
485 1007 626 1083 sonitus,
643 1007 846 1088 clamoreque
868 1013 994 1073 montes

180 1121 235 1186 icti
257 1121 410 1186 reiectant
433 1139 531 1186 voces
554 1119 595 1182 ad
617 1120 724 1185 sidera
745 1121 876 1204 mundi,

182 1240 213 1299 et
235 1235 351 1299 circum
375 1235 508 1298 volitant
529 1233 654 1313 equites
677 1235 863 1318 mediosque
885 1241 1017 1319 repente

107 1369 158 1415 330
182 1349 359 1434 tramittunt
380 1348 486 1412 valido
510 1347 687 1428 quatientes
709 1349 825 1433 impete
848 1369 999 1432 campos:

184 1471 215 1528 et
236 1469 342 1528 tamen
366 1462 564 1544 estquidam
584 1463 674 1530 locus
697 1463 769 1528 altis
791 1464 970 1558 montibuS,
989 1463 1073 1528 unde
1160 1543 1161 1548 ἵ

182 1584 267 1642 31333
288 1576 434 1641 videntur
457 1580 488 1640 et
510 1577 543 1640 in
565 1579 684 1662 campis
708 1579 881 1643 consistere
903 1577 1029 1662 fulgor.
1158 1553 1161 1557 v

221 1693 314 1756 Nunc
336 1709 398 1774 age
411 1740 419 1767 ,
434 1689 498 1754 iam
521 1692 671 1776 deinceps
695 1700 878 1758 cunctarum
901 1692 1035 1756 exordis
1057 1713 1161 1756 rerum

184 1806 295 1888 qualia
315 1803 429 1878 sintet
452 1825 546 1886 quam
568 1807 665 1888 longe
688 1807 841 1872 distantia
864 1806 975 1871 formis

107 1939 159 1987 333
183 1921 332 2004 percipe,
348 1921 530 2002 multigenis
554 1943 649 2004 quum
672 1921 735 1986 sint
756 1923 882 1988 uariata
904 1919 1036 2002 figuris;

182 2055 246 2099 non
269 2055 330 2118 quo
354 2036 454 2100 multa
476 2056 589 2119 parum
612 2037 707 2102 simili
729 2037 792 2101 sint
813 2035 962 2120 praedita
984 2032 1107 2116 forma,

185 2147 243 2213 sed
266 2150 341 2232 quia
363 2169 427 2214 non
449 2151 544 2232 volgo
568 2151 660 2232 paria
681 2151 828 2214 omnibus
852 2147 959 2212 omnia
982 2154 1147 2212 constent.

183 2283 242 2328 333
265 2265 397 2327 mirum:
417 2283 490 2327 nam
514 2283 584 2328 cum
608 2264 648 2328 sit
672 2282 780 2329 eorum
804 2261 898 2344 copia
920 2267 1031 2332 tauta,

184 2384 219 2440 ut
239 2398 344 2460 neque
365 2378 457 2455 finis,
474 2378 519 2442 uti
542 2378 655 2455 docui,
673 2360 776 2459 neque
800 2395 924 2438 summa
946 2375 986 2438 sit
1009 2373 1097 2450 3113,

108 2513 158 2559 343
184 2492 321 2571 debent,
335 2493 369 2556 ni
392 2493 524 2576 mirum,
541 2512 606 2556 non
629 2493 776 2558 omnibus
799 2490 907 2556 omnia
929 2509 1074 2572 prorsum

184 2627 257 2674 3333
279 2607 350 2691 pari
371 2583 425 2670 ¹iilo
449 2606 608 2687 similique
630 2603 760 2670 adiecta
782 2606 909 2686 figura.

184 2722 364 2804 parturiunt
385 2741 487 2802 genus
512 2720 684 2784 humanum
707 2727 878 2802 mutaeque
901 2723 1049 2794 natantes

186 2836 422 2920 squamigerum
445 2835 586 2920 pecudes
608 2841 639 2898 et
660 2835 744 2900 lacta
766 2838 911 2898 armenta
933 2831 1107 2914 feraeque,

127 2947 133 2958 ’
187 2950 349 3015 etruriae
371 2949 708 3033 volucres,lactantia
731 2967 813 3028 quae
836 2947 908 3012 1333
931 2966 1087 3028 aquarum

110 3087 161 3133 345
187 3063 412 3130 concelebrant
435 3063 552 3128 circum
575 3065 663 3146 ripas
684 3062 845 3141 fontisque
868 3061 1043 3140 lacusque,

187 3184 218 3242 et
241 3197 322 3260 quae
344 3177 534 3261 pervolgant
555 3197 687 3241 nemora
710 3174 783 3237 auia
806 3172 1052 3256 pervolitantes3

187 3313 320 3374 quorum
343 3311 438 3354 unum
463 3289 588 3372 quidvis
612 3288 788 3372 generatim
812 3305 937 3350 sumere
959 3304 1080 3369 perge:

83 3469 86 3476 .
188 3407 330 3470 invenies
352 3411 461 3469 tamon
483 3405 564 3470 inter
587 3425 624 3473 33
644 3403 770 3468 differre
793 3401 925 3482 figuris.

186 3519 391 3586 uectatione
414 3519 481 3583 alia
503 3521 610 3602 proles
633 3537 827 3602 cognoscere
851 3520 983 3578 matrem

111 3656 163 3703 333
188 3655 248 3700 333
270 3641 372 3698 mater
393 3641 502 3716 posset
524 3635 667 3717 prolem;
687 3635 773 3713 qnod
795 3650 892 3714 posse
914 3627 1080 3711 videmus,

190 3769 249 3814 nec
272 3749 375 3812 minus
398 3755 495 3829 atquc
519 3749 662 3812 homines
686 3748 767 3812 inter·
790 3767 825 3812 se
847 3753 924 3810 nota
948 3747 1072 3810 cluere.

187 3883 262 3927 nam
284 3882 383 3946 saepe
406 3869 479 3927 ante
502 3862 596 3928 deum
620 3861 737 3926 vitulus
761 3861 895 3924 delubra
918 3859 1034 3924 decora

189 3977 374 4042 turicremas
396 3982 526 4060 propter
548 3981 705 4038 mactatus
728 3975 865 4040 concidit
888 3993 982 4050 aras,

193 4242 243 4306 325
267 4240 319 4302 ubi,
333 4239 346 4309 ΙΙ
368 4242 416 4290 331
437 4238 505 4288 unde
529 4239 668 4289 omissum.
689 4232 703 4306 ΙΙ
724 4237 772 4285 337
793 4242 907 4286 constat.
929 4231 942 4306 Η
963 4236 1012 4284 343
1032 4233 1150 4282 Praetere
1170 4230 1184 4302 Η
1205 4235 1254 4282 343
1273 4249 1313 4284 ar-

193 4328 269 4377 busta
288 4326 303 4404 Η
325 4331 373 4376 347
394 4326 501 4396 quodvis
788 4311 793 4318 ι

1062 4415 1111 4490 4*
