3140 5036
704 405 749 470 111

88 599 138 646 aas
165 598 241 642 rara
264 576 350 660 quod
373 577 441 643 eius
464 578 547 643 enim
570 581 697 642 constat
718 581 854 652 natura,
870 581 1034 642 necessest

162 691 244 756 aeris
266 691 348 756 inter
370 710 442 755 eum
465 690 640 775 primordia
662 690 763 754 multa
787 689 928 754 moveri.

163 805 228 869 iam
252 805 367 888 triplex
390 805 489 869 animi
512 811 561 870 est
582 804 676 886 igitur
698 809 812 870 natura
833 810 979 886 reperta:

163 937 223 983 nec
244 924 352 984 tamen
376 919 454 985 baec
475 925 527 984 sat
549 917 687 983 suntad
709 937 836 982 sensum
860 923 975 982 cuncta
997 919 1192 1000 creandum3

127 1019 131 1026 ’
163 1033 209 1096 nil
230 1033 342 1098 horum
367 1034 514 1114 quoniam
537 1032 650 1116 recipit
672 1049 765 1114 quem
786 1051 883 1115 posse
906 1051 1035 1111 creare,

85 1167 137 1214 240
164 1145 340 1212 sensiferos
362 1153 466 1212 motus
490 1147 650 1229 quaedam
673 1146 722 1210 vis
744 1146 849 1210 menti’
872 1144 1013 1210 volutat.

164 1267 281 1342 quarta
299 1280 427 1343 quoque
450 1262 499 1326 bis
520 1261 616 1342 igitur
640 1257 799 1341 quaedam
823 1265 937 1324 nabrra
958 1267 1122 1326 necessest

163 1373 381 1438 adtribuatur:
398 1381 468 1440 east
490 1375 618 1440 omnino
642 1373 781 1439 nominis
804 1392 919 1456 expers
930 1395 939 1456 3

162 1509 226 1570 qua
248 1507 351 1570 neque
373 1490 523 1555 mobilius
547 1489 717 1571 quicquam
741 1506 846 1569 neque
868 1489 992 1552 tenvius
1015 1494 1140 1574 exstat,

161 1621 221 1666 nec
242 1603 349 1684 magis
370 1610 402 1667 et
423 1604 533 1688 parvis
556 1609 589 1667 et
609 1601 732 1666 levibus
755 1621 795 1666 cx
817 1601 1003 1683 elementis;
1068 1595 1075 1604 '

84 1739 135 1786 nro
163 1717 338 1782 sensiferos
359 1725 464 1784 motus
487 1735 569 1799 quae
592 1715 672 1780 didit
694 1716 798 1798 prima
819 1733 878 1798 per
899 1721 1006 1782 artus.

160 1833 265 1916 prima
288 1830 388 1894 cietur
410 1830 515 1915 enim,
531 1831 641 1915 parvis
662 1829 805 1914 perlecta
825 1828 957 1910 liguris:

159 1945 236 2009 inde
258 1944 346 2009 calor
367 1949 471 2010 motus
495 1950 527 2009 et
548 1945 632 2009 venti
656 1963 752 2008 caeca
773 1947 915 2026 potestas

160 2059 292 2142 accipit,
308 2057 384 2122 inde
406 2069 480 2122 aer:
496 2057 572 2123 inde
595 2057 704 2122 omnia
724 2056 963 2134 mobilitantur‚

119 2215 128 2222 -
148 2173 334 2249 ‚concutitur
356 2172 507 2256 sanguis,
524 2177 589 2235 tum
604 2171 736 2236 uiscera
757 2151 994 2253 persentiscunt

83 2309 135 2356 nco
161 2288 288 2364 omnia,
305 2287 476 2370 postremis
499 2285 591 2349 datur
613 2283 740 2350 ossibus
762 2289 858 2364 atque
880 2283 1029 2348 medullis

159 2400 226 2465 sive
249 2400 398 2484 voluptas
420 2405 468 2464 est
490 2399 557 2464 sive
580 2405 628 2463 est
651 2395 826 2462 contrarius
849 2397 967 2460 ardor.

160 2533 219 2579 nec
240 2519 361 2579 temere
382 2515 443 2578 buc
465 2513 558 2578 dolor
581 2531 680 2594 usque
702 2515 808 2594 potest
829 2516 998 2593 penetrare
1021 2529 1126 2593 neque
1149 2531 1224 2577 acre

159 2647 349 2711 permanare
371 2627 511 2706 malum,
529 2627 603 2708 quin
627 2625 734 2690 omnia
755 2624 980 2706 perturbentur

159 2763 260 2825 usque
283 2719 370 2827 adeo·
387 2749 421 2806 ut
443 2742 529 2807 vitae
552 2739 636 2805 desit
655 2739 747 2803 locus
769 2742 866 2819 atque
888 2737 1007 2802 animai

84 2877 134 2924 255
161 2856 331 2937 diffugiant
353 2863 461 2940 partes
483 2875 542 2940 per
564 2854 672 2918 caulas
692 2851 835 2936 corporis
855 2851 976 2916 omnis.

162 2971 219 3034 sed
241 2971 429 3054 plerumque
450 2970 485 3033 fir
506 2969 539 3033 in
562 2989 685 3034 summo
710 2966 801 3048 quasi
825 2985 959 3050 corpore
981 2966 1053 3031 finis

160 3085 316 3149 motibus:
334 3083 420 3148 banc
442 3084 483 3148 ob
507 3102 573 3147 rem
595 3083 692 3146 vitam
714 3081 880 3146 retinemu’
902 3080 1067 3146 valentes.

203 3198 295 3262 Nunc
317 3217 357 3262 ea
380 3218 442 3279 quo
465 3202 561 3280 pacto
582 3195 665 3260 inter
687 3213 758 3259 sese
780 3193 879 3256 mixta
902 3193 1079 3276 quibusque

160 3319 288 3396 compta
309 3310 412 3376 modis
434 3309 565 3394 vigeant
586 3308 741 3373 rationem
762 3306 896 3372 reddere
919 3313 1066 3373 aventem

85 3446 136 3493 reo
162 3425 320 3490 abstrahit
340 3425 474 3490 invitum
495 3424 592 3508 patrii
614 3423 769 3488 sermonis
791 3429 939 3506 egestas:

161 3539 219 3605 sed
241 3546 367 3623 tamen,
384 3546 418 3604 ut
439 3545 551 3624 potero
574 3537 754 3602 summatim
777 3537 952 3622 attingere,
968 3543 1120 3624 tangam.

162 3654 244 3718 inter
266 3653 350 3718 enim
374 3657 502 3718 cursant
523 3651 696 3736 primordia
717 3651 944 3736 principiorum

162 3767 300 3832 motibus
323 3768 404 3832 inter
426 3786 481 3851 sc,
497 3767 549 3830 nil·
566 3773 600 3830 ut
622 3765 782 3832 secernier
802 3785 900 3829 unum

161 3882 266 3968 possit
286 3900 346 3946 nec
369 3879 473 3965 spatio
496 3879 565 3946 fieri
588 3879 690 3945 divisa
711 3883 875 3962 potestas,

162 4063 363 4072 ....-,-----

167 4183 217 4230 236
243 4182 309 4230 inter
327 4196 384 4229 eum
403 4179 459 4230 dir.
485 4175 499 4245 ΙΙ
523 4179 637 4241 mqueri.
663 4175 677 4244 ll
703 4179 753 4226 239
777 4176 872 4239 recepit
888 4191 958 4226 mens
987 4172 1001 4243 ΙΙ
1030 4178 1080 4225 240
1103 4193 1152 4239 que
1168 4187 1252 4228 mente
1272 4177 1286 4244 ΙΙ

166 4269 218 4316 243
238 4267 320 4316 tennis
344 4265 357 4333 ΙΙ
383 4270 433 4316 244
452 4282 465 4316 c
483 4265 566 4330 parvis
592 4261 605 4332 ΙΙ
629 4267 679 4314 249
699 4272 753 4314 tum
771 4263 876 4327 sanguis
895 4259 909 4330 ΙΙ
932 4263 1126 4328 persentisinnt.
1151 4259 1164 4332 ss
1189 4265 1240 4314 254
1259 4273 1287 4316 nt

166 4355 307 4406 omissum.
328 4351 342 4422 Η
362 4356 413 4404 255
433 4353 529 4404 eulvias
550 4349 562 4422 l}
583 4352 780 4404 terratenus.
