3108 5034
113 633 169 692 est
192 627 309 711 igitur,
332 626 365 689 ni
387 625 522 701 mirum,
545 623 578 686 id
602 620 689 704 quod
710 620 832 684 ratione
855 620 965 704 sagaci

113 742 322 824 quaerimus,
348 741 521 806 admixtum
546 737 659 812 rebus,
684 733 769 818 quod
790 735 885 800 inane
908 754 1080 800 vocamus.

24 877 85 921 aro
164 856 248 918 lllud
270 856 303 918 in
325 855 375 919 his
397 855 492 918 rebus
514 872 555 918 ne
577 857 608 915 te
632 850 791 915 deducere
814 869 890 914 vero

114 970 239 1053 possit,
264 969 348 1050 quod
373 969 511 1050 quidam
524 966 664 1048 fingunt,
687 981 891 1046 praecurrere
912 982 1027 1047 cogor.

115 1083 234 1147 cedere
257 1082 470 1166 squamigeris
492 1082 604 1146 latices
627 1081 800 1147 nitentibus
823 1081 912 1144 aiunt

116 1204 150 1260 et
174 1197 312 1280 liquidas
336 1198 458 1281 aperire
481 1197 570 1274 vias,
595 1198 670 1278 quia
693 1203 765 1279 post
787 1196 858 1260 loca
880 1197 984 1278 pisces

16 1357 17 1362 η
116 1312 284 1396 linquant,
309 1333 371 1395 quo
395 1313 517 1394 possint
540 1311 688 1377 cedentes
712 1310 869 1376 confluere
892 1309 1017 1374 undae:

35 1449 90 1494 :aro
119 1427 168 1490 sic
191 1427 270 1491 alias
291 1409 419 1507 quoque
441 1446 492 1490 res
514 1425 596 1489 inter
618 1445 652 1490 se
675 1433 770 1507 posse
794 1425 912 1489 moveri

119 1549 153 1606 et
176 1547 298 1606 mutare
323 1542 450 1616 locum,
475 1541 620 1621 quamvis
643 1541 706 1606 sint
729 1541 835 1606 omnia
858 1541 973 1623 plena.

119 1657 263 1732 scilicet,
286 1655 320 1720 id
343 1654 425 1720 falsa
447 1661 546 1720 totum
570 1656 694 1720 ratione
717 1660 928 1738 receptumst.
964 1653 969 1664 ”

119 1791 198 1834 nam
222 1792 282 1851 quo
307 1771 499 1853 squamigeri
522 1777 670 1854 poterunt
692 1771 866 1854 procedere
887 1769 1039 1844 tandem,

121 1886 154 1949 ni
177 1885 315 1968 spatium
338 1885 483 1949 dederint
504 1885 644 1951 latices?
668 1886 843 1952 concedere
865 1904 961 1969 porro

48 2023 97 2069 cco
123 2021 186 2082 quo
210 2005 357 2082 poterunt
379 1999 505 2073 undae,
529 2021 599 2065 cum
621 2002 726 2085 pisces
748 2001 793 2064 ire
816 1995 1018 2080 nequibunt?

122 2122 177 2178 aut
198 2115 294 2196 igitur
315 2121 402 2178 motu
424 2115 644 2196 privandumst
667 2137 802 2198 corpora
826 2131 991 2196 quaeque,

124 2235 179 2292 aut
202 2247 273 2293 csse
296 2227 470 2291 admixtum
494 2226 694 2292 dicundumst
716 2222 810 2293 rebus
831 2231 948 2308 inane,

123 2343 207 2408 unde
230 2342 342 2406 initum
364 2341 500 2423 primum
524 2342 632 2424 capiat
654 2363 705 2407 res
729 2362 876 2424 quaeque
899 2338 1069 2404 movendi.

16 2475 18 2514 ι
124 2465 286 2541 postremo
310 2455 372 2518 duo
396 2453 436 2518 de
459 2476 612 2552 conpursu
635 2477 770 2541 corpora
793 2459 861 2522 lata

16 2571 18 2618 Ι
54 2593 103 2639 335
128 2571 155 2634 si
177 2573 240 2634 cita
263 2569 439 2652 dissiliant,
463 2589 577 2653 nempe
600 2578 655 2634 adr
677 2591 770 2635 omne
793 2575 976 2651 necessest,

16 2677 29 2770 Ι·
127 2685 208 2746 inter
231 2705 364 2767 corpora
387 2683 472 2764 quod
493 2683 569 2772 fiat,
593 2685 739 2767 possidat
760 2685 876 2749 inane:

16 2773 24 2804 '
127 2796 154 2860 is
176 2817 269 2880 porro
294 2799 437 2881 quamvis
461 2797 577 2862 circum
600 2793 814 2864 coierantibus
838 2797 923 2863 auris

128 2911 284 2986 confluat,
308 2912 395 2976 haud
417 2914 533 2996 poterit
554 2919 661 2979 tamen
683 2935 745 2978 uno
768 2922 910 2999 tempore
933 2917 1032 2976 totum

128 3025 279 3108 compleri
303 3028 460 3110 spatium:
486 3049 559 3091 nam
582 3029 717 3111 primum
739 3047 895 3110 quemque
919 3031 1080 3092 necessest

59 3163 107 3208 :mo
129 3147 260 3223 occupet
281 3140 334 3204 ille
358 3143 480 3216 locum,
504 3140 620 3206 deinde
644 3143 753 3205 omnia
776 3141 1019 3224 possideantur.

129 3253 260 3336 quodsi
283 3253 361 3318 forte
385 3255 520 3335 aliquis,
544 3275 613 3318 cum
636 3275 772 3339 corpora
795 3255 982 3337 dissiluere,

109 3353 191 3432 'tum
212 3373 304 3451 putat
324 3368 357 3431 id
379 3369 446 3432 fieri
471 3371 546 3452 quia
563 3390 603 3435 se
627 3371 822 3436 condenseat
844 3377 919 3446 adr,

130 3488 233 3546 errat:
259 3503 333 3546 nam
355 3503 489 3549 vacuum
511 3492 576 3548 tmn
599 3485 633 3547 iit
655 3485 740 3564 quod
764 3507 826 3550 non
848 3483 907 3548 fuit
930 3489 1025 3565 ante,

129 3605 159 3662 et
180 3601 318 3684 repletur·
340 3603 415 3666 item
438 3621 572 3665 vacuum
596 3598 682 3680 quod
705 3599 843 3664 constitit
866 3604 959 3680 ante,

16 3765 25 3826 ,
61 3733 109 3778 335
131 3731 188 3777 nec
210 3715 269 3778 tali
291 3716 415 3780 ratione
437 3721 542 3798 potest
565 3713 727 3808 denserier
750 3720 825 3789 aer,

131 3847 208 3911 nec,
232 3830 258 3892 si
280 3830 346 3893 iam
368 3835 497 3912 posset,
521 3827 590 3892 sine
612 3827 699 3890 inani
722 3833 850 3909 posset,
876 3826 1009 3908 opinor,

36 3919 42 3944 '
129 3940 198 4023 ipse
221 3942 254 4005 in
278 3963 313 4007 se
335 3942 461 4006 trahere
484 3946 515 4005 et
537 3940 637 4024 partis
660 3939 837 4004 conducere
859 3941 891 4004 in
914 3960 1028 4003 unum.

171 4054 414 4140 Quapropter,
439 4055 584 4134 quamvis
607 4054 770 4118 causando
794 4054 894 4118 multa
915 4053 1069 4136 moreris,

131 4321 287 4371 oraclum.
317 4320 331 4390 Η
359 4325 409 4372 383
429 4320 531 4371 initium
560 4318 573 4386 ΙΙ
603 4323 654 4369 384
673 4335 796 4370 concurso
821 4318 834 4386 Η
862 4324 912 4371 386
931 4322 976 4372 flat
1000 4320 1013 4389 Η
1040 4325 1089 4372 389
1110 4321 1215 4382 quisque
1235 4317 1248 4390 Η
1281 4334 1283 4338 ’

131 4409 179 4456 393
199 4409 373 4459 condenserier
