3108 5034
688 415 704 480 1

116 594 307 671 uvescunt‚
331 587 444 654 eadem
467 589 639 672 dispansae
662 587 693 649 in
718 587 786 651 sole
809 592 990 651 serescunt.

117 707 159 765 at
187 722 293 784 neque
316 723 377 784 quo
400 708 495 786 pacto
519 701 697 784 persederit
721 721 811 765 umor
834 701 929 782 aquai

118 817 284 898 visumst,
309 837 369 882 uec
392 837 514 882 rursum
537 836 598 897 quo
622 822 716 899 pacto
741 814 858 895 fugerit
881 821 993 900 aestu.

119 931 161 993 in
189 951 307 1013 parvas
329 931 425 1010 igitur
447 931 547 1014 partis
571 930 763 1014 dispergitur
790 949 899 1011 umor«,
927 927 931 935 “

33 1067 92 1111 :tro
123 1064 216 1126 quas
240 1045 320 1108 oculi
344 1044 431 1107 nulla
456 1049 588 1127 possunt
611 1045 733 1108 ratione
756 1042 885 1107 videre.

123 1159 209 1238 quin
234 1158 328 1222 etiam
350 1158 456 1220 nnrltis
480 1158 557 1222 solis
579 1148 784 1220 redeuntibus
807 1155 899 1218 annis

124 1273 248 1336 anulus
269 1271 301 1333 in
326 1271 424 1352 digito
449 1271 556 1334 subter
577 1275 724 1334 tenuatur
747 1269 915 1340 habendo,

124 1385 262 1449 stilicidi
285 1391 379 1450 casus
402 1384 544 1468 lapidem
567 1391 676 1460 cavat,
700 1403 799 1447 uncus
822 1385 920 1447 aratri

123 1498 254 1563 ferreus
278 1500 400 1564 occulte
424 1499 579 1564 decrescit
599 1517 710 1562 vomer
735 1497 768 1560 in
792 1499 897 1574 arvis,

47 1636 100 1681 ara
129 1618 297 1694 strataque
319 1613 384 1677 iam
406 1603 491 1696 voigi
514 1614 648 1696 pedibus
671 1612 784 1676 detrita
808 1613 928 1678 viarum

128 1746 235 1790 saxea
258 1728 489 1810 conspicimus:
514 1732 901 1810 tu1n‚·portaspropter‚
926 1733 1007 1790 a'e’na

128 1842 227 1920 signa
248 1863 360 1905 manus
376 1823 512 1905 ‘dextras
536 1841 705 1905 ostendunt
731 1819 899 1904 adtenuari

130 1975 232 2037 saepe
254 1956 447 2019 salutantum
470 1961 557 2019 tactu
578 1960 768 2038 praeterque
791 1961 973 2018 meantum.

28 2132 33 2153 ,
129 2069 211 2132 haec
232 2069 329 2148 igitur
351 2069 468 2151 minui,
493 2089 563 2132 cum
586 2068 649 2131 sint
671 2069 805 2150 detrita,
829 2069 992 2132 videmus:

58 2205 107 2250 320
134 2183 191 2247 sed
214 2201 296 2264 quae
319 2201 454 2264 corpora
477 2173 634 2244 decedant
655 2183 687 2244 in
710 2187 853 2264 tempore
877 2202 1022 2262 quoque,
1093 2257 1097 2264 ι

130 2297 238 2360 invida
260 2296 433 2380 praeclusit
455 2296 593 2378 spatium
616 2301 731 2358 natura
753 2295 902 2359 ridendi.

18 2430 21 2518 q
132 2393 293 2492 postlemo
318 2430 400 2491 quae
424 2428 557 2490 cumque
581 2410 649 2473 dies
672 2414 846 2490 naturaque
869 2411 963 2474 rebus

134 2525 284 2605 paulatim
307 2525 433 2606 tribuit,
457 2525 645 2586 moderatim
668 2543 809 2587 crescere
833 2543 970 2606 cogens,

19 2620 25 2726 l
136 2637 220 2698 nulla
240 2644 345 2720 potest
368 2639 529 2702 oculorum
551 2637 636 2700 acies
660 2643 806 2701 contenta
827 2637 927 2711 tueri,

20 2731 21 2739 ἵ
62 2771 112 2816 aas
136 2769 193 2812 nec
214 2772 307 2834 porro
331 2772 412 2833 quae
436 2771 571 2832 cumque
595 2772 674 2815 aevo
697 2751 863 2832 macieque
887 2756 1074 2814 senescunt:

19 2837 20 2855 Χ
136 2883 214 2946 nec,
237 2885 325 2929 more
349 2887 432 2948 quae
455 2867 651 2950 inpendent,
676 2886 769 2930 vesco
793 2867 861 2930 sale
884 2885 963 2929 saxa
986 2886 1100 2948 peresa

18 2873 22 3156 Ι
134 2977 206 3057 quid
230 2999 355 3059 quoque
379 2980 524 3042 amittant
546 2981 578 3042 in
601 2986 743 3063 tempore
761 2999 895 3060 cernere
918 2982 1042 3063 poesie.

134 3093 315 3174 corporibus
340 3093 444 3182 caecis
468 3093 563 3172 igitur
588 3099 700 3156 natura
723 3094 804 3174 gerit
826 3106 899 3156 res.

18 3231 21 3286 r
177 3207 241 3270 Nec
264 3211 370 3270 tamen
392 3206 531 3286 undique
555 3225 712 3288 corporea
734 3207 852 3288 stipata
875 3213 1021 3270 tenentur

18 3318 19 3396 f
67 3339 114 3385 330
136 3320 238 3383 omnia
261 3325 392 3383 natura:
418 3341 555 3402 namque
579 3321 680 3384 estin
704 3323 800 3385 rebus
814 3321 938 3384 inane.

138 3433 218 3513 quod
240 3433 296 3497 tibi
320 3455 476 3516 cognosse
499 3435 531 3498 in
554 3435 660 3499 multis
684 3435 743 3499 erit
764 3435 840 3502 utile
863 3435 978 3508 rebus,

18 3527 20 3552 ³
138 3567 192 3610 nec
213 3548 294 3612 sinet
318 3555 475 3614 errantem
499 3549 643 3614 dubitare
666 3555 697 3613 et
719 3567 871 3629 quaerere
894 3567 1020 3631 semper

18 3595 26 3726 l
138 3661 175 3725 de
195 3682 317 3726 summa
339 3681 442 3726 rerum
466 3670 496 3727 et
517 3663 635 3727 nostris
659 3661 804 3727 diffidere
828 3662 940 3727 dictis.

70 3797 115 3843 335
139 3782 217 3854 quod
240 3775 267 3839 si
289 3796 354 3839 non
376 3783 479 3852 esset,
503 3777 590 3840 nulla
614 3777 737 3842 ratione
759 3777 879 3841 moveri

138 3907 185 3952 res
206 3895 353 3971 possent:
379 3910 515 3970 namque
538 3890 675 3954 osticium
699 3889 784 3970 quod
807 3891 950 3974 corporis
973 3896 1097 3968 exstat,

138 4001 259 4067 officere
282 4010 377 4085 atque
400 4003 551 4081 obstare,
575 4003 609 4067 id
631 4005 664 4066 in
687 4003 771 4067 omni
794 4009 936 4087 tempore
959 4005 1088 4068 adesset

77 4269 79 4274 '
138 4271 180 4316 321
203 4271 344 4330 praeclusos
366 4268 475 4334 speciem
505 4264 518 4334 Η
548 4271 598 4316 334
622 4270 679 4330 Qua
702 4278 803 4331 propter
827 4265 898 4317 locus
922 4279 957 4317 est
980 4269 1089 4316 intactus
1112 4269 1187 4317 inane
1209 4285 1250 4317 va-

138 4369 255 4416 canoque.
