3108 5034
703 481 719 544 I

148 651 194 717 sic
215 649 295 717 alias
318 651 389 717 aliis
411 653 508 719 rebus
530 651 681 716 mutarier
702 651 835 716 omnis?

188 761 243 830 ‘At
266 767 436 832 manifesta
458 767 564 850 palam
586 784 639 830 res
661 759 795 829 indicat’
819 765 925 846 inquis
943 759 990 829 ‘iu
1013 785 1108 832 auras

149 839 232 950 aas
256 904 273 948 e
295 888 380 946 terra
403 901 454 945 res
478 880 581 946 omnis
605 900 747 946 crescere
770 880 900 961 alique:
978 862 992 972 Ἰ

68 1021 122 1068 805
150 1005 181 1064 et
203 999 265 1063 nisi
287 1001 461 1080 tempestas
484 993 630 1075 indulget
651 999 794 1078 tempore
817 994 923 1060 fausto

68 1137 121 1181 cor
149 1113 262 1194 solque
284 1131 343 1174 sua
365 1131 423 1193 pro
445 1116 537 1192 parte
559 1097 644 1174 fovet
665 1109 835 1191 tribuitque
856 1109 1015 1194 calorem,

69 1250 122 1295 soc
148 1226 302 1292 imbribus
325 1232 357 1290 et
379 1225 452 1288 tabe
475 1223 652 1288 nimborum
676 1225 821 1288 ambusta
848 1224 1016 1308 vacillent,

70 1362 123 1408 808
151 1359 294 1406 crescere
317 1349 380 1403 non
403 1339 527 1422 possint
548 1339 656 1418 tiuges
670 1319 809 1402 xarbusta
831 1339 1000 1404 animantis
1011 1335 1027 1402 .'

152 1455 289 1533 scilicet,
313 1459 344 1518 et
365 1453 428 1517 nisi
450 1473 509 1518 nos
532 1452 621 1516 cibus
642 1452 750 1518 aridus
774 1459 805 1518 et
825 1460 916 1518 tener
938 1475 1028 1517 umor

70 1589 125 1634 810
152 1567 302 1652 adiuvet,
327 1547 444 1632 ar'nisso
467 1567 530 1630 iam
553 1586 686 1650 corpore
710 1567 774 1631 vita
797 1587 923 1649 quoque
946 1569 1048 1633 omnis

150 1683 295 1747 omnibus
318 1679 466 1746 enervis
489 1687 584 1762 atque
607 1682 733 1746 ossibus
757 1682 939 1747 exsoluatur
952 1698 964 1746 ε·

149 1797 331 1862 adiutamur
354 1797 437 1859 enim
460 1795 557 1860 dubio
580 1796 691 1878 procul
714 1802 809 1878 atque
831 1797 947 1860 alimur
969 1817 1028 1860 nos

149 1913 244 1977 certis
267 1911 308 1975 ab
330 1911 446 1992 rebus,
470 1909 563 1974 certis
586 1909 669 1974 aliae
692 1915 788 1992 atque
810 1911 895 1975 aliae
918 1930 988 1976 res.

149 2025 181 2089 ni
204 2025 336 2112 mirum,
360 2025 435 2106 quia
456 2023 554 2087 multa
577 2025 680 2088 modis
702 2026 881 2089 communia
903 2026 1009 2090 multis

72 2161 124 2207 815
150 2123 316 2204 multarum
339 2157 442 2204 rerum
465 2138 498 2201 iu
520 2137 615 2203 rebus
637 2139 814 2222 primordia
835 2139 933 2203 mixta

149 2260 242 2328 sunt,
265 2253 338 2317 ideo
361 2253 457 2318 variis
480 2252 591 2317 variae
614 2271 667 2316 res
690 2253 785 2316 rebus
808 2253 953 2316 aluntur.

150 2374 246 2449 atque
269 2367 382 2432 eadem
404 2365 513 2447 magni
536 2361 634 2430 refert
655 2365 830 2448 primordia
853 2385 950 2450 saepe

149 2496 220 2546 oum
243 2483 357 2564 quibus
380 2487 412 2546 et
435 2480 522 2562 quali
542 2481 686 2563 positura
709 2481 928 2546 contineantur

149 2603 181 2662 et
203 2613 283 2678 quos
305 2597 388 2662 inter
410 2615 445 2661 se
469 2595 545 2658 dent
566 2599 670 2658 motus
696 2593 937 2677 accipiantque:

73 2731 124 2777 ano
149 2729 286 2792 namque
309 2709 421 2774 eadem
444 2709 565 2774 caelum
589 2729 676 2772 mare
698 2713 799 2772 terras
821 2707 950 2774 flumina
972 2711 1074 2776 solem
1093 2790 1098 2800 Ι

38 2897 54 2920 ο
149 2825 360 2904 constituunt,
385 2824 497 2888 eadem
519 2822 628 2906 fruges
650 2823 778 2886 arbusta
800 2822 990 2904 animantis,

148 2959 259 3003 verum
281 2939 354 3003 aliis
377 2940 504 3020 alioque
526 2936 621 3002 modo
645 2937 816 3001 commixta
839 2943 1023 3002 moventur.

148 3048 339 3134 quinetiam
361 3054 481 3137 passim
506 3053 621 3117 nostris
643 3052 675 3115 in
697 3053 842 3116 versibus
867 3046 946 3136 ipsis

148 3167 246 3230 multa
268 3167 426 3232 elementa
448 3167 537 3231 vides
560 3167 665 3230 multis
688 3167 866 3230 communia
888 3167 1014 3244 verbis,

72 3301 122 3347 sau
150 3301 219 3344 cum
242 3287 349 3346 tamen
370 3281 451 3344 inter
473 3299 509 3344 se
532 3299 643 3344 versus
666 3299 706 3343 ae
727 3279 828 3344 verba
849 3285 1012 3363 necessest

148 3395 317 3460 confiteare
340 3401 371 3459 et
393 3415 426 3458 rc
450 3402 480 3458 et
503 3393 607 3459 sonitu
630 3393 748 3458 distare
772 3394 916 3458 sonanti.

147 3515 269 3573 tautum
292 3511 450 3575 elementa
473 3513 592 3592 queunt
614 3512 791 3592 permutato
815 3507 926 3572 ordine
949 3509 1037 3573 solo:

148 3630 306 3690 atrorum
329 3643 410 3705 quae
434 3631 506 3688 sunt
526 3622 720 3707 primordia,
744 3623 836 3705 plura
858 3622 1012 3688 adhibere

147 3746 282 3820 possunt
303 3738 388 3802 uude
412 3745 531 3818 queant
553 3738 661 3802 variae
682 3757 734 3802 res
759 3757 904 3818 quaeque
927 3741 1047 3803 creari.

75 3869 123 3917 aco
192 3851 285 3918 Nunc
307 3858 341 3916 ut
362 3855 572 3935 Anaxagorae
596 3858 769 3918 scrutemur
790 3851 1048 3918 homoeomerian

148 3985 243 4046 quam
266 3966 343 4032 Grai
365 3973 543 4031 memorant
565 3987 623 4031 nec
644 3972 755 4030 nostra
777 3966 883 4031 dicere
905 3966 1015 4050 lingua

148 4080 294 4145 concedit
315 4079 407 4144 nobis
429 4081 524 4163 patrii
546 4080 703 4145 sermonis
726 4086 872 4162 egestas,

148 4193 207 4260 sed
229 4200 335 4260 tamen
356 4193 460 4278 ipsam
482 4212 549 4256 rem
571 4191 696 4258 facilest
719 4211 878 4275 exponere
900 4193 1026 4276 verbis,

149 4443 199 4490 806
220 4443 323 4490 arbusta
342 4440 355 4510 Η
377 4444 427 4490 814
447 4440 603 4490 multimodis
623 4439 636 4510 Η
657 4442 707 4489 824
726 4440 815 4490 bellis.
836 4441 920 4510 {1830
939 4453 963 4491 et
