3140 5036
713 351 741 414 V

163 519 270 586 emnia
293 519 401 586 nativo
425 541 465 585 00
488 521 612 586 mortali
636 541 769 604 corpore
792 525 958 604 constant,

162 633 258 700 debet
280 634 392 700 ecdem
417 635 519 702 omnis
543 633 652 710 mundi
674 640 789 699 natura
811 634 935 718 putari.

79 769 136 815 240
162 748 280 832 quippe
303 750 442 834 etenim,
460 769 592 837 quorum
614 748 715 833 partis
738 755 769 814 et
790 750 933 814 membra
954 748 1099 817 videmus

162 883 294 946 corpore
317 863 425 929 nativo
449 885 487 929 ae
508 863 695 928 mortalibus
717 882 788 928 esse
811 862 941 944 figuris,

161 975 242 1042 haec
266 978 378 1044 eadem
400 977 501 1044 ferme
523 976 671 1043 mortalia
695 977 851 1042 cernimus
875 997 945 1042 esse

162 1097 195 1156 et
216 1093 324 1157 nativa
346 1093 459 1157 simul.
478 1112 542 1174 qua
564 1097 694 1177 propter
715 1091 855 1156 maxima
876 1091 986 1156 muudi

163 1226 233 1270 eum
256 1206 383 1271 videam
406 1206 548 1271 membra
570 1226 609 1270 ac
631 1206 732 1290 partis
755 1211 942 1289 consumpta
963 1207 1107 1290 regigni‚

79 1339 134 1388 245
162 1319 245 1385 scire
267 1319 341 1386 licet
363 1321 445 1386 caeli
467 1340 594 1402 quoque
616 1321 691 1386 item
714 1325 880 1400 terraeque
903 1318 1002 1384 fuisse

161 1434 350 1518 principiale
373 1433 502 1517 aliquod
524 1439 649 1518 tempus
673 1433 862 1515 clademque
885 1431 1042 1499 futuram.

199 1547 282 1612 Illud
306 1549 339 1612 15
361 1549 410 1614 his
433 1549 529 1614 rebus
550 1567 591 1612 ne
615 1549 804 1632 corripuisse
827 1548 927 1612 rearis

161 1681 212 1728 me
235 1661 332 1741 mihi,
349 1660 436 1744 quod
458 1667 575 1726 terram
599 1668 695 1744 atque
717 1663 824 1746 ignem
846 1661 995 1726 mortalia
1016 1663 1138 1748 sumpsi

161 1795 254 1855 esse,
271 1795 375 1858 neque
398 1796 539 1842 umorem
564 1776 707 1842 dubitavi
730 1796 891 1858 aurasque
913 1777 1037 1860 perire,

78 1913 133 1960 250
159 1897 256 1972 atque
278 1889 392 1956 eadem
415 1890 505 1972 gigni
528 1910 700 1972 rursusque
722 1910 897 1974 augescere
920 1891 1006 1970 dixi,

158 2005 315 2089 principio
338 2024 415 2089 pars
437 2007 534 2070 terrai
556 2025 620 2070 non
642 2006 752 2085 nulla,
769 2012 899 2088 perusta

160 2120 283 2185 solibus
304 2118 468 2194 adsiduis,
486 2117 585 2182 multa
607 2119 733 2200 pulsata
755 2119 871 2202 pedum
893 2120 945 2203 vi,

159 2234 300 2320 pulveris
324 2233 454 2299 exhalat
475 2231 627 2296 nebulam
649 2233 813 2314 nubesque
836 2233 995 2311 volantis,

159 2369 239 2432 quas
261 2347 362 2414 validi
384 2353 449 2412 1010
474 2346 662 2429 dispergunt
685 2355 760 2413 aere
783 2346 886 2412 venti.

79 2484 132 2533 255
159 2483 236 2548 pars
259 2462 354 2528 etiam
368 2459 544 2546 'glebarum
566 2461 610 2526 ad
632 2461 784 2528 diluviem
806 2468 975 2527 revocatur

159 2577 335 2660 imbribus,
352 2583 383 2641 et
404 2575 491 2658 ripas
513 2575 661 2640 radentia
682 2575 812 2640 flumina
835 2576 970 2641 rodunt.

159 2686 330 2778 praeterea
351 2711 410 2774 pro
433 2695 523 2774 parte
542 2711 624 2767 sua,
642 2687 727 2773 quod
751 2708 884 2772 eumque
907 2689 974 2771 alid
997 2697 1114 2772 auget,

159 2806 319 2872 redditur:
337 2812 369 2872 01
392 2805 540 2888 queniam
565 2804 662 2870 dubie
685 2804 796 2888 procul
819 2824 890 2871 esse
905 2803 1037 2871 'videtur

161 2921 366 3006 omniparens
389 2921 501 2986 eadem
523 2939 630 2984 rerum
653 2939 818 2986 commune
842 2921 1043 3006 sepulcrum,

81 3059 135 3106 260
160 3055 237 3119 ergo
259 3040 345 3102 terra
366 3034 424 3099 tibi
445 3035 564 3099 libatur
586 3038 617 3097 et
640 3039 734 3098 aucta
756 3035 923 3100 recrescit.
981 3110 984 3116 ¹

199 3150 291 3228 Quod
314 3171 408 3234 super
431 3154 496 3231 est,
513 3166 623 3212 umere
646 3167 727 3212 novo
751 3169 838 3212 mare
860 3149 992 3214 flumina
1014 3149 1119 3217 fontes

161 3284 287 3350 semper
308 3263 471 3330 abundare
494 3268 526 3328 et
547 3261 659 3327 latices
683 3281 813 3326 manare
835 3263 987 3346 perennis

159 3379 205 3444 nil
227 3400 307 3464 opus
330 3384 378 3444 est
400 3377 525 3444 verbis:
542 3397 678 3460 magnus
701 3375 854 3442 decursus
877 3397 1030 3460 aquarum

159 3493 300 3574 undique
323 3491 485 3558 declarat.
502 3492 559 3557 sed
581 3490 716 3576 primum
741 3491 891 3575 quicquid
913 3495 1009 3574 aquai

82 3629 136 3678 205
161 3607 302 3692 10111151,
318 3607 351 3672 15
373 3626 558 3690 summaque
581 3605 615 3670 fit
636 3611 671 3670 ut
692 3605 738 3670 nil
760 3628 851 3682 umor
873 3607 1034 3694 abundet,
1111 3623 1113 3628 ·

160 3722 276 3806 partim
300 3721 385 3804 quod
407 3721 506 3786 validi
528 3727 690 3786 verrentes
713 3741 855 3804 aequora
876 3723 963 3788 venti

160 3835 340 3900 diminuunt
363 3835 527 3916 radiisque
549 3841 698 3900 retexens
719 3835 879 3900 aetherius
901 3834 970 3918 sel,
994 3905 998 3912 ¹
1063 3819 1070 3834 ’

160 3950 277 4035 partim
300 3949 386 4033 quod
408 3954 517 4034 supter
538 3967 596 4032 per
617 3952 720 4012 terras
743 3947 861 4011 diditur
882 3947 1005 4012 omnis=

160 4065 344 4150 percolatur
367 4064 451 4131 enim
473 4063 580 4146 virus,
597 4067 744 4142 retroque
766 4068 914 4127 remanat

166 4311 215 4366 239
235 4309 324 4366 eadem
344 4305 425 4383 11241
446 4309 559 4358 nativum
579 4303 592 4374 Η
614 4305 749 4356 2451110111
770 4303 784 4376 ΙΙ
805 4307 853 4365 251
874 4301 958 4374 1111οΗ
978 4307 1031 4373 Ι264
1049 4305 1173 4378 quidquid
