3140 5032
285 375 343 436 res
628 393 630 398 ·
829 365 930 458 v,

281 538 514 623 nympharum,
531 535 646 617 quibus
670 555 687 598 e
711 534 834 599 scibant
855 535 965 599 umori'
987 535 1108 598 fluenta

207 674 257 720 959
282 651 406 716 lubrica
427 649 570 733 proluvie
592 649 684 732 large
706 649 814 713 lavere
837 648 948 712 umida
970 669 1072 725 saxa,

282 763 392 828 umida
415 783 517 839 saxa,
534 783 630 845 super
640 763 741 854 ‘viridi
765 761 919 827 stillantia
940 781 1070 844 musco,

283 885 314 943 et
336 877 452 962 partim
476 876 572 959 plano
597 881 719 941 scatere
742 883 836 958 atque
859 894 1024 959 erumpere
1046 894 1179 958 campo.

283 1012 343 1056 nec
366 990 440 1054 dum
464 1009 516 1054 res
538 989 606 1070 igni
630 989 754 1054 scibant
775 995 913 1054 tractare
935 1008 1040 1070 neque
1063 986 1109 1049 uti

284 1106 423 1189 pellibus
447 1111 478 1168 et
500 1103 612 1187 spoliis
635 1123 750 1186 corpus
772 1103 890 1166 vestire
912 1104 1073 1186 serarum,

210 1240 260 1286 955
286 1220 343 1284 sed
367 1236 499 1281 nemora
521 1223 616 1296 atque
640 1236 737 1280 cavos
758 1217 874 1281 montis
898 1217 1059 1298 silvasque
1082 1215 1251 1299 colebant,

285 1337 316 1396 et
339 1331 467 1395 frutices
490 1330 573 1395 inter
596 1329 777 1396 condebant
799 1330 948 1412 squalida
971 1331 1132 1406 membra,

284 1446 417 1510 verbera
440 1451 605 1510 ventorum
627 1444 729 1508 vitare
750 1444 926 1526 imbrisque
952 1445 1071 1510 coacti.

285 1579 345 1624 nec
368 1577 533 1623 commune
556 1559 673 1622 bonurn
696 1565 844 1642 poterant
866 1565 1032 1642 spectare,
1051 1577 1154 1640 neque
1177 1557 1251 1622 ullis

283 1674 424 1738 moribus
442 1670 530 1736 ¹inter
553 1691 587 1736 se
610 1672 735 1736 scibant
756 1691 816 1737 nec
839 1673 1051 1757 legibus-uti.

211 1809 260 1854 999
286 1787 371 1869 quod
396 1788 509 1867 cuique
533 1786 689 1850 obtulerat
711 1786 853 1870 praedae
875 1785 1164 1873 fortrmapferebat

285 1907 398 1984 sponte
422 1910 487 1964 sua·
504 1900 565 1964 sibi
588 1901 721 1982 quisque
744 1902 853 1966 valere
877 1908 908 1965 et
928 1901 1037 1967 vivere
1060 1901 1190 1968 docum.

286 2022 317 2080 et
341 2015 448 2078 Venus
471 2013 505 2076 in
527 2013 615 2078 silvis
637 2014 791 2099 iungebat
814 2035 948 2100 corpora
970 2023 1155 2082 amantum:

286 2129 479 2194 conciliabat
501 2129 586 2192 enim
609 2128 659 2192 vel
683 2135 791 2193 mutua
814 2150 972 2212 quemque
996 2131 1111 2216 cupido

284 2246 334 2309 vel
356 2245 498 2310 violenta
520 2243 578 2306 viri
601 2243 649 2306 vis
672 2249 769 2325 atque
792 2243 929 2328 inpensa
951 2245 1051 2311 libido
1264 2333 1266 2338 A

211 2381 260 2427 995
286 2361 336 2423 991
359 2359 517 2444 pretium,
535 2357 672 2438 glandes
695 2364 790 2440 atque
814 2359 918 2423 arbita
940 2361 989 2423 vel
1012 2360 1080 2442 pira
1102 2359 1207 2425 lecta.

286 2480 317 2538 et
339 2493 491 2538 manuum
514 2473 592 2535 mira
615 2473 687 2538 freti
710 2472 823 2538 virtute
846 2474 1027 2558 pedumque

285 2589 550 2654 consectabantur
572 2587 731 2654 silvestria
754 2589 863 2652 saecla
886 2588 1048 2673 ferarum,

285 2705 448 2784 multaque
470 2702 657 2786 vincebant,
674 2702 820 2767 vitabant
842 2723 945 2785 pauca
966 2704 1118 2789 latebris,

287 2818 518 2899 saetigerisque
541 2837 636 2902 pares
660 2817 781 2881 subus·

212 2955 261 3001 975
286 2933 456 2998 missilibus
479 2933 565 2997 saxis
588 2939 619 2996 et
636 2952 758 3016 magno
780 2932 923 3018 pondere
946 2933 1078 2997 clavae.

784 3047 943 3112 silvestria
966 3049 1108 3113 membra

211 3183 261 3230 cro
287 3161 374 3224 nuda
397 3161 519 3224 dabant
540 3166 665 3238 terrae,
681 3167 835 3226 nocturno
858 3167 1001 3246 tempore
1024 3163 1110 3247 capti
1122 3213 1130 3247 ,

287 3277 403 3340 circum
428 3295 462 3339 se
484 3274 567 3338 foliis
590 3293 628 3338 ac
650 3275 818 3340 frondibus
840 3277 1057 3342 involventes.

285 3411 344 3455 nec
367 3391 522 3473 plangore
545 3388 631 3454 diem
653 3411 772 3471 magno
797 3390 960 3471 solemque
982 3405 1039 3474 per
1061 3409 1157 3470 agros

288 3503 483 3585 quaerebant
504 3503 613 3586 pavidi
635 3505 786 3588 palantes
809 3504 910 3568 noctis
934 3503 967 3566 in
989 3504 1128 3580 umbris,

289 3616 347 3682 sed
370 3617 462 3680 taciti
478 3620 702 3702 respectabant
724 3637 899 3698 somnoque
922 3616 1059 3700 sepulti,

213 3755 262 3801 cre
287 3733 361 3797 dum
384 3751 477 3796 rosea
499 3731 569 3797 face
593 3734 640 3796 scl
662 3733 791 3797 inferret
812 3731 933 3796 lumina
956 3732 1066 3796 caelo:

288 3867 308 3912 a
330 3846 439 3930 parvis
464 3847 549 3927 quod
573 3847 655 3911 euim
680 3853 872 3911 consuerant
893 3865 1023 3910 cernere
1046 3866 1172 3931 semper

288 3962 411 4027 alterno
434 3960 591 4026 tenebras·
604 3966 636 4026 et
657 3953 759 4026 lucem
781 3967 924 4045 tempore
946 3960 1055 4045 gigni,

289 4097 352 4141 non
376 4081 445 4140 erat
466 4081 501 4139 ut
521 4076 590 4140 fieri
611 4080 721 4161 posset
743 4075 887 4142 mirarier
910 4097 1059 4159 umquam

292 4243 341 4289 949
356 4255 443 4290 umore
463 4235 477 4307 Η
498 4241 547 4290 953
560 4241 673 4291 scribant
692 4237 705 4307 Η
726 4243 776 4291 959
789 4242 903 4292 sciebant
923 4239 936 4310 ll
957 4244 1006 4290 962
1020 4242 1123 4305 lugebat
1143 4236 1156 4309 ΙΙ
1178 4235 1379 4292 979Ν9ἁ99999
1394 4237 1408 4314 ll

292 4329 341 4378 973
355 4327 454 4393 pervidi
476 4323 489 4394 ll
510 4327 559 4374 976
579 4335 650 4378 robes
670 4325 683 4396 ll
705 4329 753 4377 977
774 4328 882 4393 Apervis
