3140 5036
672 395 699 460 V

69 543 107 633 co
129 565 287 650 expulerit
309 565 421 649 dictis,
437 585 502 630 non
525 565 643 648 armis,
661 585 767 630 nonne
790 561 917 630 decebit

128 680 210 744 hunc
233 680 392 744 hominem
416 699 547 746 numero
571 681 676 745 divom
700 679 863 763 dignarier
884 681 983 744 esee?

129 815 200 859 oum
222 795 304 859 bene
326 795 514 876 praesertim
538 795 637 859 multa
659 814 697 858 ac
720 793 869 859 divinitus
892 792 970 877 ipsis

129 909 350 973 immortalibu’
374 909 415 973 de
438 909 520 973 divis
544 909 620 974 dare
643 909 728 973 dicta
751 909 848 973 suerit

130 1029 225 1106 atque
248 1010 374 1087 omnem
397 1043 498 1087 rerum
523 1030 669 1088 naturam
692 1023 834 1107 pandere
857 1023 968 1087 dictis.

70 1159 103 1204 55
173 1137 269 1202 Cuius
293 1158 353 1219 ego
377 1139 541 1218 ingressus
564 1138 700 1221 vestigia
724 1139 798 1201 dum
820 1138 962 1202 rationes

128 1272 308 1336 persequer
330 1273 367 1317 ae
390 1252 491 1317 doceo
515 1252 627 1337 dietis,
645 1274 706 1334 quo
731 1273 877 1334 quaeque
901 1259 1007 1316 ereata

129 1366 259 1431 foedere
282 1367 362 1451 sint,
378 1368 409 1430 iu
434 1387 472 1432 eo
496 1388 593 1449 quam
616 1368 657 1431 sit
679 1368 792 1432 durare
811 1388 983 1434 necessum

129 1502 189 1548 nec
210 1483 336 1548 validas
358 1484 489 1547 valeant
509 1484 580 1548 aevi
603 1484 785 1549 rescindere
809 1485 918 1566 leger,

129 1618 192 1678 quo
215 1617 334 1680 genere
356 1598 389 1661 in
412 1598 521 1681 primis
544 1599 642 1662 animi
666 1605 780 1662 natura
801 1605 929 1682 reperta
952 1605 999 1662 est

73 1734 105 1779 co
131 1713 240 1776 nativo
261 1713 395 1796 primum
419 1713 592 1778 consistere
615 1733 749 1795 corpore
773 1719 860 1778 creta

130 1847 187 1892 nec
209 1848 306 1911 posse
330 1827 498 1892 incolumis
521 1848 671 1910 magnum
694 1829 810 1892 durare
832 1848 890 1912 per
913 1849 1046 1912 aevom,

130 1942 188 2007 sed
210 1943 383 2006 simulacra
406 1942 509 2007 solere
532 1941 564 2004 in
588 1943 708 2006 somnis
730 1942 844 2008 fallere
867 1950 1026 2020 mentem,

129 2076 259 2122 eernere
282 2077 351 2120 cum
375 2055 539 2120 videamur
562 2077 632 2122 euni
658 2077 749 2138 quem
772 2059 837 2122 vita
858 2059 1005 2140 reliquit,

131 2171 216 2253 quod
239 2191 334 2256 super
357 2177 424 2254 eet,
441 2191 525 2236 nuno
547 2169 607 2234 hue
630 2172 761 2235 rationis
784 2172 897 2236 detulit
919 2175 1018 2256 ordo,

73 2306 104 2353 co
130 2291 163 2349 ut
184 2285 263 2349 mihi
285 2285 413 2350 mortali
435 2285 609 2350 consistere
634 2305 766 2369 corpore
789 2286 939 2350 mundum

129 2401 333 2481 nativomque
358 2401 450 2464 simul
474 2402 553 2464 ratio
577 2400 745 2466 reddunda
768 2402 808 2465 sit
830 2420 922 2483 esse;

132 2521 163 2581 et
185 2517 300 2597 quibus
322 2516 376 2578 ille
400 2512 503 2578 modis
526 2534 718 2595 congressus
741 2515 886 2580 materiai

131 2629 273 2694 fundarit
294 2637 431 2712 terram,
450 2630 592 2705 caelum,
609 2649 716 2713 mare,
734 2631 862 2712 nidera,
880 2631 1000 2712 solem,

130 2745 281 2827 lunaique
304 2746 453 2829 globum3
469 2750 535 2806 luni
559 2764 641 2825 quae
664 2744 777 2809 tellure
801 2742 982 2808 animantes

75 2881 106 2926 re
132 2861 311 2937 extiterint,
328 2866 360 2924 et
382 2879 463 2941 quae
486 2860 573 2924 nulle
596 2859 659 2924 sint
681 2866 823 2942 tempore
847 2865 963 2938 natae3

131 2994 233 3056 quove
256 2975 351 3039 medo
374 2994 475 3055 genus
498 2974 669 3040 humanum
691 2973 836 3038 variante
859 2973 1001 3055 loquella

131 3089 273 3172 coeperit
293 3091 376 3154 inter
397 3109 433 3154 se
456 3089 540 3153 vesei
562 3079 620 3171 per
642 3088 772 3153 nomina
793 3105 917 3168 rerum3

131 3211 162 3268 et
185 3204 299 3284 quihus
322 3204 376 3268 ille
399 3203 502 3268 modis
525 3202 632 3268 divom
656 3207 757 3266 metus
779 3201 947 3265 insinuarit

130 3323 278 3401 pectora,
296 3323 449 3382 terrarum
474 3318 528 3400 qui
550 3318 584 3381 in
606 3315 675 3382 orbi
697 3321 809 3382 sancta
831 3322 936 3380 tuetur

75 3452 105 3498 ro
132 3432 208 3495 fana
230 3433 320 3498 lacus
343 3432 433 3498 lucos
456 3453 532 3497 aras
555 3433 789 3513 simulacraque
813 3430 939 3496 divom.

130 3552 298 3630 praeterea
321 3548 397 3612 solie
421 3568 532 3613 cursus
554 3549 713 3630 lunaeque
735 3553 859 3611 meatus

131 3661 300 3745 expediam
322 3682 387 3743 qua
409 3663 440 3726 vi
462 3663 571 3728 flectat
593 3670 708 3727 natura
730 3664 934 3744 gubernans;

96 3817 101 3828 ·
128 3796 169 3840 ne
192 3775 274 3840 forte
299 3777 377 3840 haee
398 3777 480 3841 inter
504 3775 626 3841 eaelum
650 3783 833 3858 terramque
857 3797 982 3841 reamur

129 3891 231 3956 libera
253 3896 366 3974 sponte
389 3911 449 3954 sua
472 3910 582 3954 cursus
604 3891 741 3953 lustrare
764 3891 934 3973 perennio,

73 4023 105 4071 eo
131 4005 291 4089 morigera
312 4004 355 4068 ad
377 4003 484 4084 fruges
506 4002 675 4084 augendas
697 4009 793 4083 atque
817 4004 1007 4080 animantis,

130 4139 211 4184 neve
235 4119 347 4202 aliqua
370 4116 477 4182 divom
499 4115 585 4182 volvi
608 4116 731 4180 ratione
750 4121 923 4199 putemus.

135 4365 167 4413 53
188 4378 202 4412 e
222 4359 235 4430 ΙΙ
257 4365 287 4412 61
308 4357 468 4428 incolumen
489 4362 520 4410 67
541 4359 689 4410 materiam.
710 4356 723 4426 ll
746 4358 835 4408 resin
855 4354 869 4426 ΙΙ
891 4363 919 4408 71
941 4358 1055 4422 lequela.
