3140 5032
289 400 354 464 026
830 396 874 460 VI

288 567 393 648 guttai
417 567 470 631 vix
494 568 595 631 instar
617 573 708 632 erunt
731 567 825 632 unius
848 567 1055 649 adaugmen;

214 703 263 750 616
290 703 352 764 qno
376 683 479 747 minus
502 688 551 747 est
573 683 686 746 mirum
711 704 797 747 marc
820 704 884 747 non
907 701 1082 764 augescere
1105 705 1274 766 magnum.

289 803 458 880 praetcrea
480 818 631 878 magnam
656 798 704 862 sol
725 804 847 881 partem
872 797 1010 860 detrahit
1032 805 1143 862 aestu.

289 910 406 995 quippe
429 911 573 976 videmus
597 913 680 975 enim
703 913 803 978 vestis
826 931 936 976 umore
959 911 1116 978 madentis

289 1025 452 1090 exsiccare
475 1027 541 1091 suis
564 1027 666 1092 radiis
689 1027 868 1091 ardentibu'
892 1027 1014 1091 solem:

289 1146 322 1206 at
346 1140 463 1222 pelage
486 1142 587 1206 multa
610 1148 641 1206 et
662 1142 726 1206 late
751 1143 913 1207 substrata
935 1142 1101 1206 videmus.

213 1275 262 1322 620
289 1255 423 1338 proinde
447 1257 521 1321 licet
544 1257 690 1338 quamvis
717 1275 758 1322 ex
780 1278 842 1321 uno
867 1277 993 1338 quoque
1016 1256 1087 1336 loco
1112 1257 1161 1321 sol

286 1369 406 1434 umoris
429 1391 560 1455 parvam
584 1372 705 1437 delibet
726 1373 767 1437 ab
792 1391 932 1453 aequore
955 1376 1098 1454 partem:

287 1484 420 1566 largiter
439 1486 473 1548 in
495 1491 585 1580 tanto
608 1487 712 1570 spatio
735 1491 842 1550 tamen
866 1485 992 1550 auferet
1014 1485 1129 1551 nudie.

286 1607 352 1665 turn
375 1621 471 1684 porro
494 1601 578 1665 venti
603 1621 729 1682 quoque
753 1621 903 1681 magnam
927 1600 1040 1666 tollere
1064 1607 1186 1683 partem

285 1717 404 1780 umoris
426 1721 561 1799 possunt
582 1723 747 1781 verrentes
770 1735 933 1798 aequora,
950 1715 1053 1780 ventis

212 1849 262 1896 626
285 1850 349 1894 una
372 1836 465 1894 nocte
487 1830 556 1894 vias
579 1831 730 1911 quoniam
752 1849 911 1914 persaepe
932 1830 1077 1895 videmus

286 1944 399 2008 siccari
424 1944 593 2026 mollisque
617 1945 675 2008 luti
698 1964 903 2009 concrescere
927 1951 1072 2009 crustas.

287 2063 454 2142 praeterea
479 2059 573 2123 docui
595 2060 727 2122 multum
750 2078 876 2140 quoque
899 2059 1010 2124 tollere
1034 2060 1133 2124 nubes

284 2191 426 2237 umorem
450 2193 566 2254 magno
591 2179 778 2257 conceptum
801 2183 844 2238 ex'
864 2189 1006 2254 aequore
1029 2173 1138 2257 ponti,

285 2287 456 2374 etpassim
480 2293 545 2352 toto
569 2294 725 2353 terrarum
748 2307 901 2371 spargere
924 2288 956 2350 in
980 2288 1069 2371 orbi,

207 2419 257 2467 660
287 2421 358 2465 curn
381 2401 462 2485 pluit
483 2403 515 2466 in
538 2404 630 2467 terris
654 2409 684 2467 et
706 2403 791 2468 venti
815 2403 925 2466 nubila
946 2409 1093 2485 portant.

284 2521 446 2599 postremo
471 2518 623 2598 quoniam
645 2538 720 2582 raro
745 2538 816 2582 cum
841 2536 974 2602 corpore
997 2517 1092 2582 tellus

283 2636 352 2713 est,
370 2636 401 2694 et
424 2632 640 2717 coniunctast,
659 2653 730 2697 oras
754 2633 853 2696 maris
875 2633 1017 2714 undique
1040 2633 1193 2713 cingens,

284 2743 400 2829 debet,
416 2751 451 2808 ut
472 2746 506 2809 in
528 2767 615 2811 mare
638 2747 678 2811 de
702 2748 794 2812 terris
817 2747 904 2810 venit
926 2768 1017 2810 umor
1039 2749 1155 2829 aquai,

285 2859 319 2923 in
341 2864 444 2924 terras
467 2860 580 2926 itidem
604 2881 732 2926 manare
756 2881 960 2944 exsequere
983 2862 1089 2927 salso:

209 2993 259 3041 665
284 2975 465 3058 percolatur
488 2977 573 3040 enim
596 2977 701 3056 virus,
718 2983 867 3059 retroque
890 2982 1037 3042 remanat

285 3089 437 3154 materies
459 3091 578 3155 umoris
602 3098 632 3156 et
655 3091 696 3156 ad
720 3100 815 3176 caput
838 3093 986 3158 amnibus
1009 3092 1112 3155 omnis

284 3203 433 3288 confluit,
450 3205 526 3270 inde
549 3227 645 3290 super
667 3213 771 3272 terras
794 3207 875 3270 redit
898 3205 1027 3288 agmine
1049 3206 1136 3271 dulci

285 3338 348 3400 qua
371 3319 424 3384 via
447 3327 536 3384 secta
558 3322 658 3387 semel
681 3321 803 3403 liquido
827 3321 909 3404 pede
933 3319 1044 3386 detulit
1066 3322 1211 3411 undas]

321 3434 414 3498 Nunc
437 3434 518 3499 ratio
542 3455 626 3516 quae
649 3435 709 3518 sit,
726 3455 784 3519 per
807 3433 919 3499 fauces
942 3436 1058 3501 montis
1080 3443 1114 3500 ut
1137 3440 1259 3506 Aetnae

203 3567 254 3618 640
286 3547 431 3630 expirent
453 3548 545 3632 ignes
568 3550 650 3613 inter
673 3550 749 3612 dum
771 3548 897 3612 turbine
919 3553 1028 3633 tanto,

285 3661 475 3746 expediam:
492 3681 596 3745 neque
619 3663 704 3726 enim
727 3662 879 3728 mediocri
903 3663 995 3728 clade
1018 3672 1126 3732 coorta

282 3774 431 3841 flammea
452 3783 627 3862 tempestas
650 3777 792 3842 Siculum
815 3780 980 3845 dominata
1002 3802 1060 3866 per
1082 3802 1179 3864 agros

284 3889 425 3958 finitimis
449 3891 490 3958 ad
513 3912 550 3960 se
573 3893 729 3960 convertit
750 3895 898 3979 gentibus
921 3917 998 3975 ora,

287 4193 336 4241 616
354 4193 393 4242 sol
412 4209 531 4258 magnam
552 4196 564 4261 Η
586 4199 634 4245 621
656 4198 687 4246 ad
708 4194 721 4264 Η
747 4200 798 4246 624
817 4199 901 4248 venti.
928 4195 941 4264 tt
968 4201 1017 4247 626
1036 4206 1162 4248 crustras.
1183 4196 1197 4267 Η
1218 4201 1268 4249 629
1288 4200 1373 4249 orbis.
1395 4198 1408 4266 Ιῖ

288 4281 338 4328 632
360 4281 443 4343 magis
472 4281 484 4349 tt
515 4283 565 4332 666
589 4283 648 4334 tulit
676 4281 689 4351 ΙΙ
719 4287 768 4334 669
793 4285 881 4336 faueas
911 4282 924 4353 Η
952 4288 1000 4334 641
1026 4287 1111 4336 medis
1138 4287 1225 4350 grecia
1254 4287 1285 4336 de
1314 4285 1327 4354 Η
1357 4289 1407 4336 642

288 4365 418 4416 Flammae
