3140 5036
304 579 447 645 sentibus
472 580 628 662 obducat,
646 577 678 642 01
699 578 747 644 vis
769 579 911 642 humana
932 577 1060 644 resistat

302 693 379 758 vitai
404 713 501 759 eausa
523 691 633 758 valido
657 697 811 758 consueta
833 671 954 758 bidenti

303 808 463 890 ingemere
487 814 518 872 et
539 813 657 872 terram
680 807 799 891 pressis
822 805 1026 891 proscindere
1049 807 1184 872 aratris.

229 940 279 988 210
304 921 330 986 21
354 942 419 987 000
440 920 593 986 fecundas
615 927 778 987 vertentes
800 940 929 986 vomere
952 920 1064 1002 glebas

301 1035 460 1117 terraique
483 1035 585 1100 solum
607 1035 795 1118 subigentes
819 1035 918 1098 aimus
941 1034 982 1099 ad
1007 1039 1116 1112 ortus,

305 1155 419 1233 sponte
442 1169 499 1214 sua
522 1155 683 1230 nequeant
705 1149 843 1230 liquidas
867 1149 1002 1214 existere
1025 1149 1058 1213 10
1081 1170 1201 1228 20022,

304 1268 464 1328 ettamen
486 1263 569 1327 inter
591 1262 665 1326 dum
688 1283 806 1344 magno
831 1264 976 1345 quaesita
998 1263 1110 1328 labore

304 1397 374 1441 eurn
396 1377 460 1441 iam
483 1397 542 1461 per
561 1382 665 1442 terras
687 1377 836 1443 frondent
858 1384 955 1459 atque
979 1378 1085 1443 omnia
1107 1377 1239 1462 florent,

228 1509 278 1557 200
304 1497 360 1556 aut
376 1492 486 1556 'nimiis
509 1498 608 1557 torret
629 1493 805 1558 fervoribus
828 1492 987 1557 aetherius
1010 1493 1059 1558 sol

255 1583 257 1588 Ι
305 1613 359 1672 aut
380 1607 474 1673 subiti
498 1613 664 1691 peremunt
685 1607 796 1672 imbris
819 1607 1012 1688 gelidaeque
1035 1607 1189 1692 pruinae,

304 1720 469 1802 flabraque
491 1727 657 1787 ventorum
680 1720 820 1786 violento
843 1721 968 1786 turbine
991 1727 1128 1786 vexant.

304 1808 470 1919 praeterea
492 1855 593 1917 genus
616 1834 806 1899 horriferum
830 1841 942 1900 natura
966 1835 1107 1901 ferarum

303 1949 462 2014 humanae
485 1949 571 2032 genti
594 1948 743 2012 infestum
766 1955 914 2031 terraque
936 1951 1080 2033 marique

230 2083 280 2131 220
306 2084 360 2128 000
382 2063 439 2126 2110
461 2068 554 2145 atque
578 2065 700 2146 auget?
717 2083 770 2127 our
792 2063 867 2126 anni
885 2070 1035 2148 ¹tempora
1058 2065 1186 2130 morbos

259 2248 261 2254 s
305 2179 492 2262 atportant?
508 2197 608 2260 quare
632 2199 716 2244 mors
738 2178 898 2258 inmatura
919 2181 1080 2262 vagatur?

303 2298 368 2356 turn
391 2314 486 2377 porro
510 2313 608 2378 puer,
624 2298 658 2356 ut
680 2296 785 2358 saevis
808 2293 968 2376 proieotus
991 2295 1032 2357 ab
1055 2292 1150 2357 undis

305 2407 432 2485 navita,
448 2407 550 2472 nudus
573 2407 659 2471 humi
682 2407 786 2491 iacet,
803 2405 928 2482 101202,
945 2407 1072 2490 indigns
1096 2407 1180 2472 omni

305 2521 396 2584 vitali
419 2520 559 2604 auxilio,
577 2542 647 2586 eum
670 2521 807 2605 primum
829 2521 862 2584 10
885 2521 1013 2585 luminis
1036 2541 1111 2586 orae
1214 2533 1215 2536 ’

231 2656 280 2702 220
307 2634 434 2700 niuibus
457 2655 496 2700 ex
520 2636 593 2700 alvo
615 2635 726 2699 matris
748 2641 863 2698 natura
885 2635 1047 2720 profudit,

306 2749 479 2831 vagituque
502 2751 605 2815 looum
629 2749 756 2833 lugubri
780 2751 936 2834 complet,
953 2757 986 2814 ut
1008 2755 1149 2815 aecumst
1213 2729 1219 2746 ⁸

306 2863 356 2928 001
378 2869 497 2928 lantum
521 2864 554 2926 in
577 2865 641 2928 vita
663 2868 760 2928 restet
781 2865 918 2928 transire
941 2865 1114 2928 malorum.

306 2985 339 3043 at
359 2978 466 3042 variae
490 2983 635 3042 creseunt
656 2975 796 3060 pecudes
819 2982 965 3042 armenta
985 2976 1157 3061 feraeque,

306 3112 366 3158 000
389 3091 592 3177 crepitacillis
615 3112 694 3175 opus
718 3097 784 3177 est,
801 3111 861 3158 000
885 3092 1031 3175 cuiquam
1053 3092 1266 3158 adhibendast

129 3272 133 3280 ,
231 3226 281 3273 230
307 3207 411 3273 almae
433 3207 563 3271 nutricis
585 3206 707 3271 blanda
729 3212 824 3289 atque
847 3206 982 3272 infracta
1003 3208 1166 3290 loquella,

307 3341 367 3388 000
388 3321 492 3386 varias
516 3328 672 3403 quaerunt
694 3327 799 3386 vestes
821 3342 879 3404 pro
902 3327 1045 3406 tempore
1068 3323 1170 3406 caeli,

304 3437 442 3519 denique
466 3456 529 3501 000
552 3437 648 3500 armis
672 3457 753 3520 opus
776 3440 842 3520 est,
860 3457 923 3500 000
946 3436 1112 3501 00001002
1135 3434 1228 3514 altis,

307 3552 360 3632 qui
384 3571 442 3614 sua
463 3555 621 3633 tutentur,
639 3549 767 3633 quando
790 3550 937 3615 omnibus
960 3549 1068 3614 onmia
1089 3550 1181 3629 large

305 3667 400 3732 tellus
422 3665 494 3750 ipsa
516 3665 601 3749 parit
623 3670 800 3746 naturaque
824 3663 962 3728 daedala
985 3681 1089 3727 rerum
1103 3661 1129 3748 .]

231 3803 281 3850 200
348 3780 508 3866 Principio
532 3779 680 3862 quoniam
704 3779 801 3845 terrai
825 3796 940 3861 eorpus
964 3782 994 3842 et
1016 3797 1107 3840 umor

232 3910 242 3940 s
305 3916 518 3978 aurarumque
540 3895 626 3959 leves
650 3894 775 3959 animae
799 3891 958 3974 calidique
980 3909 1136 3974 vapores,

305 4032 322 4077 e
345 4011 460 4094 quibus
482 4012 562 4076 haee
584 4029 689 4074 rerum
711 4005 883 4074 0002121000
907 4005 1195 4096 20000020100100,

309 4285 491 4336 2080100001.
516 4282 528 4352 11
555 4286 604 4333 209
624 4284 701 4334 atris.
729 4279 742 4350 11
767 4285 816 4331 211
837 4281 980 4344 Terraeque
1005 4276 1019 4347 11
1045 4278 1094 4328 223
1115 4276 1234 4339 indignus
1260 4270 1274 4343 11
1300 4277 1349 4324 227
1375 4283 1429 4326 reet

307 4374 436 4422 transirest
455 4372 468 4440 11
490 4374 539 4420 230
559 4372 637 4419 Arme
657 4367 670 4439 11
690 4370 809 4432 loquela.
