3108 5034
698 407 728 470 Π

77 595 127 643 935
156 595 220 640 999
242 575 311 640 fieri
333 581 460 660 partum
484 576 543 641 nisi
567 575 701 640 concilio
725 583 799 640 ante
822 584 955 661 coacto,

154 709 212 754 neo
236 689 405 771 quicquam
428 689 615 753 commutari
638 689 705 754 sine
728 691 918 756 conciliatu.

152 803 308 886 principio
333 810 497 885 nequeunt
518 803 614 866 ullius
639 805 782 888 corporis
805 825 875 870 esse

151 935 266 982 sensus
289 921 364 980 ante
386 916 490 998 ipsam
513 917 655 1000 genitam
678 925 827 983 naturam
852 919 1043 1004 animantis,

155 1031 188 1094 ni
209 1031 342 1118 mirum,
360 1033 436 1114 quia
458 1033 608 1096 materies
632 1031 766 1097 disiecta
787 1039 913 1099 tenetur

77 1164 128 1212 940
153 1152 248 1222 aere,
263 1147 466 1223 fluminibus,
482 1145 594 1220 terris,
612 1147 785 1228 aethraque
808 1148 942 1230 creatis,

153 1279 212 1323 nec
235 1280 409 1342 congressa
430 1261 527 1324 modo
549 1261 659 1325 vitalis
682 1261 907 1325 couvenientes

155 1374 287 1436 contulit
307 1375 390 1437 inter
412 1393 447 1438 se
470 1380 574 1438 motus
589 1422 595 1456 ,
613 1373 728 1454 quibus
752 1375 963 1438 omnituentes

155 1487 281 1550 accensi
304 1507 417 1552 sensus
440 1488 636 1551 animantum
659 1493 917 1552 concuterentur.

190 1602 361 1664 Praeterea
384 1581 526 1681 quamvis
549 1599 745 1664 animantem
767 1601 920 1680 grandior
940 1603 1041 1685 ictus,

76 1733 127 1780 945
154 1731 249 1794 quam
271 1713 390 1796 patitur
413 1721 547 1791 natura,
564 1719 697 1797 repente
721 1713 846 1794 adfligit
870 1721 901 1778 et
922 1715 1026 1780 onmis
1054 1734 1074 1756 Α

151 1817 294 1909 corporis
315 1833 411 1908 atque
435 1827 531 1891 animi
554 1829 659 1909 pergit
681 1827 875 1892 confundere
898 1848 1032 1893 sensus.

149 1940 367 2004 dissoluuntur
390 1941 473 2006 enim
495 1941 659 2025 positurae
682 1942 929 2024 principiorum,

150 2057 182 2116 et
203 2055 330 2136 penitus
352 2061 455 2119 motus
478 2057 593 2119 vitales
615 2055 839 2138 inpediuntur,

149 2167 252 2232 donec
274 2169 443 2250 materies,
461 2168 563 2232 omnis
587 2185 743 2229 concussa
765 2185 824 2248 per
845 2173 951 2250 artus,

73 2301 124 2348 950
150 2280 256 2346 vitalis
279 2283 406 2346 animae
428 2281 532 2345 nodos
555 2299 575 2344 a
598 2297 731 2362 corpore
755 2278 850 2343 solvit

150 2395 391 2478 dispersamque
414 2395 502 2460 foras
525 2413 583 2478 per
607 2395 715 2458 caulas
739 2393 831 2458 eiecit
853 2393 975 2457 omnis:

151 2489 225 2573 nam
249 2510 325 2591 quid
347 2515 517 2593 praeterea
541 2509 648 2573 facere
670 2509 765 2572 ictum
789 2525 885 2591 posse
908 2527 1035 2571 reamur

151 2623 312 2707 oblatum,
329 2624 389 2688 nisi
413 2623 570 2688 discutere
594 2643 633 2686 ac
656 2622 833 2687 dissolvere
856 2621 1029 2702 quaeque?

151 2736 186 2800 fit
208 2756 336 2818 quoque
358 2738 403 2800 uti
427 2737 554 2802 soleant
576 2736 680 2800 minus
703 2735 810 2800 oblato
834 2736 950 2800 acriter
972 2735 1036 2799 ictu

74 2872 124 2919 955
150 2851 262 2933 reliqtti
286 2858 390 2916 motus
412 2852 516 2916 vitalis
539 2852 665 2915 vincere
688 2869 806 2935 saepe,

149 2966 297 3045 vincere,
315 2972 346 3032 et
367 2967 503 3050 ingentis
525 2967 644 3048 plagae
667 2965 780 3029 sedare
802 2966 975 3044 tumultus,

151 3081 248 3162 inque
272 3101 348 3145 suos
372 3079 522 3161 quicquid
544 3099 653 3143 rursus
676 3097 828 3142 revocare
850 3086 1013 3162 meatus‚*

151 3201 182 3260 et
205 3195 297 3276 quasi
319 3194 382 3256 iarn
406 3194 459 3256 leti
483 3192 699 3257 dominantem
722 3191 755 3254 in
779 3211 911 3274 corpore
934 3199 1053 3256 motum

152 3309 332 3385 discutere,
349 3327 387 3372 ac
408 3325 514 3390 paene
536 3306 672 3370 amissos
695 3305 872 3371 accendere
895 3325 1027 3372 sensus:

76 3443 126 3490 999
153 3443 228 3486 nam
251 3441 351 3503 quare
373 3423 478 3504 potius
500 3421 556 3485 leti
578 3419 643 3484 iam
665 3419 774 3484 limine
797 3421 837 3485 ab
860 3422 931 3505 ipso

151 3537 194 3600 ad
216 3537 316 3600 vitam
339 3535 441 3619 possit
464 3533 610 3600 conlecta
632 3539 738 3600 mente
760 3537 895 3619 reverti,

153 3671 250 3732 quam
273 3669 335 3731 quo
358 3649 526 3714 decursum
550 3667 650 3731 prope
667 3647 737 3722 iam
761 3647 820 3712 siet
841 3649 888 3714 ire
911 3655 943 3714 et
965 3651 1082 3718 abire?

150 3769 342 3848 propterea,
361 3765 511 3845 quoniam
534 3762 627 3826 dolor
650 3768 718 3838 est,
735 3763 788 3826 ubi
811 3763 955 3851 materiai

153 3897 286 3960 corpora
307 3878 340 3942 vi
363 3877 501 3960 quadam
523 3895 582 3961 per
602 3877 728 3940 ulscera
749 3876 822 3941 viva
845 3897 904 3961 per
924 3881 1010 3942 artus

150 4061 350 4068 *-

154 4179 204 4226 938
223 4177 301 4226 lesam
325 4174 338 4242 Η
364 4179 414 4225 940
433 4184 548 4237 terraque
573 4172 585 4242 Η
612 4178 661 4224 942
682 4191 756 4224 omne
775 4182 887 4224 tuentes.
908 4171 921 4240 Η
944 4176 993 4223 943
1013 4175 1167 4223 animantem
1186 4191 1273 4238 quam·

153 4279 202 4326 que
226 4271 343 4313 tuentur.
371 4259 383 4329 l!
409 4265 457 4312 951
479 4261 563 4310 carias
589 4259 602 4330 ΙΙ
628 4261 713 4311 959a
738 4258 751 4328 ll
778 4262 828 4310 954
847 4259 933 4309 oblata
951 4263 1045 4326 agriter
1069 4260 1082 4330 ll
1108 4265 1156 4313 961
1177 4263 1274 4328 possint

155 4351 272 4400 coniecta
290 4347 305 4419 Η
326 4352 375 4400 963
394 4351 530 4400 Praeterea
