3108 5034
256 387 276 448 0
363 341 368 352 ’
812 381 827 442 1

258 549 368 630 religio
392 548 516 631 peperit
538 548 702 612 scelerosa
725 555 819 630 atque
842 549 942 632 impia
964 549 1072 613 facta,

257 661 372 726 Aulide
395 681 456 740 quo
480 665 576 742 paeto
599 661 720 724 Triviai
740 662 874 743 virginis
897 683 987 727 aram

195 797 228 844 85
261 775 460 859 Iphianassai
483 781 651 857 turparunt
673 777 830 856 sanguine
850 776 945 840 foede

257 890 405 954 ductores
428 890 578 952 Danaum
602 887 737 965 delecti,
761 891 865 972 prima
886 891 1045 954 virorum.

258 1005 308 1069 cui
331 1004 425 1068 simul
447 1003 547 1066 infula
569 1003 731 1083 virgineos
754 1003 869 1066 circum
893 1003 971 1068 data
995 1014 1138 1089 comptus

257 1139 296 1182 ex
320 1124 455 1198 utraque
478 1115 550 1200 pari
572 1116 730 1180 malarum
752 1123 842 1198 parte
865 1117 1046 1201 prosusast,

260 1236 292 1294 et
313 1237 446 1295 mestum
470 1230 563 1294 simul
585 1236 660 1292 ante
683 1250 759 1292 aras
782 1229 912 1294 adstare
935 1240 1102 1314 parentem

197 1366 229 1412 00
259 1345 377 1427 sensit,
403 1352 435 1409 et
458 1347 540 1408 hunc
562 1349 693 1426 propter
715 1344 831 1406 serrum
854 1345 960 1409 celare
983 1346 1164 1432 ministros,

260 1464 455 1543 aspectuque
477 1478 534 1522 suo
557 1457 708 1521 lacrimas
732 1456 893 1521 effundere
916 1459 1013 1542 civis,

260 1582 346 1637 muta
367 1577 453 1635 metu
476 1579 592 1634 terram
617 1572 752 1650 genibus
776 1571 946 1636 summissa
968 1574 1117 1655 petebat:

260 1708 320 1751 nec
342 1686 479 1750 miserae
501 1683 656 1774 prodesse
679 1686 711 1748 in
734 1686 792 1747 tali
814 1691 957 1769 tempore
984 1688 1094 1768 quibat

261 1801 346 1882 quod
369 1800 473 1883 patrio
496 1799 644 1883 princeps
668 1799 804 1862 donarat
827 1801 953 1864 nomine
978 1821 1105 1884 regem:

198 1937 230 1983 00
262 1937 337 1979 nam
361 1914 488 1978 sublata
509 1914 611 1976 virum
634 1914 781 1978 manibus
804 1915 1070 1996 tremibundaque
1092 1919 1133 1982 ad
1155 1939 1230 1984 aras

261 2028 448 2104 deductam,
472 2049 535 2090 nou
557 2035 591 2091 ut
615 2029 760 2092 sollemni
784 2049 872 2093 more
896 2049 1057 2094 sacrorum

260 2145 401 2230 perfecto
424 2147 535 2226 posset
557 2143 644 2207 claro
668 2144 811 2207 comitari
834 2144 1044 2228 Hymenaeo,

262 2259 319 2324 sed
343 2265 431 2322 casta
453 2257 591 2341 inceste,
617 2259 757 2321 nubendi
779 2265 924 2342 ternpore
947 2260 979 2322 in
1002 2261 1093 2343 ipso,

263 2374 366 2438 hostia
389 2372 572 2436 concideret
593 2379 734 2436 mactatu
757 2349 882 2438 maesta
903 2374 1066 2458 parentis,

192 2511 240 2556 100
265 2489 365 2552 exitus
387 2494 421 2550 ut
443 2487 539 2552 classi
560 2487 638 2551 felix
661 2485 848 2568 faustusque
872 2489 1019 2552 daretur.

264 2609 388 2667 tantum
411 2603 523 2684 religio
545 2603 646 2686 potuit
669 2605 803 2667 suadere
826 2603 1001 2666 ruralorum.

306 2721 453 2782 Tutemet
476 2711 496 2780 a
518 2718 611 2781 nobis
633 2718 695 2782 iam
720 2716 832 2798 quovis
855 2723 998 2800 tempore
1021 2725 1127 2782 vatum

264 2832 444 2912 terriloquis
466 2831 566 2895 victus
590 2832 681 2896 dictis
704 2831 882 2896 desciscere
906 2849 1061 2911 quaeres.

264 2947 379 3030 quippe
403 2946 520 3009 etenim
544 2965 640 3027 quam
663 2947 763 3010 multa
783 2945 839 3008 tibi
862 2946 927 3010 iam
949 2946 1068 3025 fingere
1091 2948 1223 3028 possunt
1282 2935 1283 2938 '

193 3084 241 3130 105
265 3061 409 3143 somnia,
435 3037 517 3141 quae
539 3062 624 3124 vitae
648 3061 788 3124 rationes
810 3067 933 3125 vertere
956 3061 1079 3145 possint

263 3175 469 3255 fortunasque
493 3182 563 3238 tuas
587 3175 688 3238 omnis
710 3176 837 3239 turbare
860 3176 988 3239 timore!

264 3296 296 3355 et
318 3291 450 3355 merito:
475 3311 547 3353 nam
570 3291 596 3354 si
620 3296 737 3354 certam
760 3291 856 3354 tinem
879 3309 951 3354 esse
973 3289 1118 3354 viderent

263 3424 486 3468 aerumnarum
509 3404 672 3486 homines,
696 3405 804 3485 aliqua
826 3405 948 3468 ratione
970 3404 1116 3468 valerent

263 3518 473 3599 religionibus
496 3525 590 3597 atque
613 3517 706 3582 minis
728 3520 882 3582 obsistere
902 3525 1029 3582 vatum:

193 3655 241 3700 110
266 3653 349 3696 nunc
372 3631 450 3695 ratio
474 3632 564 3694 nulla
587 3638 635 3695 est
656 3632 816 3716 restandi,
840 3632 929 3694 nulla
953 3631 1110 3714 facultas,

264 3754 413 3812 aeternas
436 3745 586 3827 quoniam
609 3767 730 3830 poenas
752 3748 785 3810 in
808 3753 908 3811 morte
930 3745 1153 3811 timendumst.

264 3864 429 3947 ignoratur
452 3861 536 3925 enirn
560 3880 642 3941 quae
665 3862 705 3924 sit
728 3868 842 3925 natura
865 3861 1002 3943 animai,

265 3982 342 4040 nata
364 3977 424 4052 sit,
448 3996 487 4039 an
512 3981 622 4039 contra
646 3977 851 4040 nascentibus
873 3975 1067 4052 insinuetur,

265 4100 295 4156 et
317 4091 409 4156 simul
431 4090 565 4154 intereat
587 4091 752 4156 nobiscum
774 4096 875 4154 morte
898 4090 1074 4174 dirempta,
1104 4115 1130 4142 ν

267 4344 300 4390 84
319 4340 405 4389 triviat
425 4337 437 4407 b
461 4343 508 4388 102
529 4341 634 4402 quodvis
654 4338 666 4408 Η
691 4343 738 4389 104
758 4357 875 4404 possum.
894 4338 907 4408 Η
931 4343 977 4387 111
999 4338 1155 4387 timendum.
