3140 5032
311 403 375 470 210
662 407 670 421 “
849 397 895 462 Vl

309 571 345 636 fit
367 589 495 655 qnoque
517 576 551 636 ut
572 569 656 636 inter
678 568 753 634 dum
775 567 875 634 validi
896 569 945 634 vis
965 569 1065 634 incita
1086 570 1171 634 venti

309 686 491 770 perscindat
513 687 630 751 nubem
653 683 855 768 perfringens
876 683 992 767 impete
1015 693 1121 750 recto:

310 821 387 866 nam
409 799 486 883 quid
509 800 609 883 possit
631 799 676 866 ibi
697 798 791 864 flatus
813 797 986 864 manifesta
1008 799 1102 864 docet
1123 818 1195 877 res,

237 936 286 984 140
311 915 383 1001 hio,
400 915 455 980 ubi
476 915 579 980 lenior
601 921 669 998 est,
685 914 719 978 in
741 921 825 980 terra
847 933 918 979 cnm
941 921 1049 980 tamen
1072 915 1140 981 alta

312 1032 441 1096 arbusta
463 1030 616 1096 evolvens
638 1029 798 1094 radicibus
821 1028 926 1094 haurit
947 1029 988 1094 ab
1010 1029 1104 1094 imis.

311 1151 384 1211 sunt
405 1145 499 1210 etiam
521 1143 634 1210 fluctus
655 1163 713 1228 per
734 1143 866 1227 nubila,
884 1144 938 1227 qui
961 1145 1055 1226 quasi
1078 1165 1217 1208 murmur

311 1261 389 1326 dant
410 1261 443 1324 in
465 1259 646 1341 frangendo
669 1258 830 1342 graviter3
849 1259 935 1340 quod
956 1261 1033 1324 item
1054 1258 1090 1324 fit
1110 1260 1142 1324 in
1165 1259 1239 1325 altis

309 1375 492 1440 fluminibus
515 1393 699 1456 magnoque
722 1375 822 1448 mari,
838 1393 910 1438 cum
932 1374 1087 1454 frangitur
1109 1380 1241 1438 aestus.

237 1511 285 1560 145
310 1491 344 1556 id
367 1509 514 1573 quoque,
531 1489 586 1554 ubi
608 1509 625 1553 e
648 1490 724 1554 nubi
748 1489 780 1552 in
804 1489 920 1554 nubem
943 1491 990 1554 vis
1012 1487 1124 1554 incidit
1147 1488 1265 1553 ardens

310 1604 472 1689 fulminis,
488 1604 567 1670 haee
591 1604 687 1668 multo
711 1603 738 1667 si
760 1602 843 1668 forte
866 1624 977 1670 umore
1001 1605 1121 1687 recepit

310 1715 436 1805 igne'm,
454 1719 603 1785 continuo
626 1739 744 1801 magno
768 1719 908 1784 elamore
930 1719 1089 1801 trucidat3

309 1841 344 1898 ut
366 1835 480 1900 calidis
503 1836 645 1930 candens
667 1833 785 1898 sermm
809 1853 826 1896 e
848 1832 1034 1900 fornacibus
1057 1835 1132 1899 olim

310 1949 432 2027 stridit,
448 1950 501 2013 ubi
523 1949 556 2012 iu
579 1947 719 2032 gelidum
743 1968 879 2032 propere
902 1949 1113 2014 demersimus
1134 1948 1285 2012 imbrem.

236 2084 286 2131 mo
311 2063 431 2129 aridior
452 2085 548 2149 porro
572 2064 599 2128 si
622 2063 724 2128 nubes
747 2064 862 2146 accipit
883 2064 1011 2147 ignem,
1035 2055 1054 2076 '

312 2180 412 2244 uritur
433 2179 557 2263 ingenti
579 2178 684 2243 sonitu
706 2197 861 2243 succensa
883 2186 1037 2263 repente,

310 2294 505 2359 lauricomos
527 2301 561 2358 ut
583 2295 609 2359 si
632 2313 689 2378 per
711 2295 828 2358 montis
850 2293 980 2358 flamma
1003 2300 1137 2374 vagetur

309 2407 435 2474 turbine
456 2415 622 2474 ventorum
645 2409 834 2473 comburens
856 2409 974 2492 impete
998 2428 1133 2489 magno:

308 2545 368 2590 neo
391 2546 442 2590 res
463 2524 530 2588 ulla
552 2523 654 2604 magis
678 2542 773 2605 quam
795 2522 921 2588 Phoebi
945 2523 1104 2606 Delphica
1127 2524 1237 2588 laurus

235 2659 284 2708 155
309 2639 440 2704 terribili
463 2639 567 2704 sonitu
589 2635 719 2702 flamma
742 2638 918 2721 crepitante
941 2644 1134 2702 crematur.-

309 2753 447 2836 denique
470 2772 569 2836 saepe
592 2752 657 2833 geli
680 2752 798 2817 multus
820 2752 928 2834 fragor
950 2759 1045 2833 atque
1067 2753 1158 2817 ruina

310 2868 478 2954 grandinis
500 2867 533 2931 in
556 2867 685 2948 magnis
707 2868 845 2932 sonitum
867 2867 924 2931 dat
946 2869 1086 2932 nubibus
1108 2868 1192 2931 alte:

307 2990 421 3050 ventus
445 2983 527 3046 enirn
552 3001 620 3046 curn
645 2981 815 3065 confercit,
832 2982 1021 3065 franguntur
1043 2983 1075 3046 in
1100 2989 1169 3048 arto

308 3097 447 3164 concreti
471 3102 595 3162 montes
616 3096 797 3161 nimborum
820 3104 851 3162 et
873 3097 1031 3178 grandine
1055 3097 1163 3162 mixti.

235 3234 284 3281 160
351 3213 458 3295 Fulgit
479 3212 576 3290 item,
594 3213 695 3277 nubes
717 3212 802 3296 ignis
825 3233 894 3277 cum
919 3213 1042 3277 semina
1065 3213 1164 3276 multa

309 3345 481 3395 excussere
504 3347 561 3391 suo
586 3347 760 3410 concursu,
779 3346 837 3392 ceu
858 3327 1000 3410 lapidem
1022 3327 1051 3392 si

308 3443 465 3529 percutiat
486 3441 571 3526 lapis
594 3448 649 3505 aut
670 3443 786 3506 ferrum
801 3466 807 3504 :
824 3463 898 3505 nam
921 3449 986 3505 turn
1010 3460 1137 3525 quoque
1159 3441 1264 3505 lumen

309 3559 398 3626 exilit
419 3564 451 3622 et
473 3557 578 3622 claras
600 3555 755 3621 scintillas
777 3556 913 3637 dissipat
935 3556 1038 3638 ignis.

308 3676 364 3742 sed
387 3673 538 3740 tonitrum
559 3670 594 3734 fit
616 3671 660 3734 uti
683 3676 756 3755 post
779 3671 908 3734 auribus
931 3669 1147 3753 accipiamus,

233 3813 282 3860 155
307 3791 431 3874 fulgere
455 3808 550 3870 quam
573 3791 704 3852 cernant
726 3785 830 3868 oouli,
847 3784 924 3866 quia
945 3804 1072 3868 semper
1094 3784 1135 3848 ad
1159 3783 1245 3848 auris

307 3906 429 3972 tardius
452 3903 624 3970 adveniunt
646 3921 742 3985 quarn
764 3900 866 3965 uisum
890 3919 973 3984 quae
996 3905 1144 3966 moveant
1165 3919 1238 3964 res.

305 4090 507 4100 ——-——

310 4213 357 4259 141
378 4208 480 4258 volvens
505 4203 518 4274 11
546 4209 594 4255 144
613 4214 682 4256 aest.
708 4204 720 4273 11
747 4208 796 4254 115
816 4205 858 4254 Fit
880 4199 894 4271 11
921 4205 969 4251 149
988 4211 1091 4267 propter
1115 4201 1127 4267 11
1156 4202 1202 4250 151
1224 4199 1335 4263 ingentis
1355 4201 1366 4266 11
1388 4215 1428 4250 re·

309 4305 397 4348 cente.
419 4291 432 4364 11
455 4296 502 4345 153
523 4291 641 4362 ’11115511
664 4290 817 4361 154111511
840 4295 888 4342 155
907 4293 1018 4342 sonitum
1038 4289 1051 4358 11
1074 4292 1240 4339 1585115111.
1261 4287 1274 4354 11
1298 4291 1345 4337 162
1366 4288 1428 4338 Pcr-

307 4385 392 4434 euciat
411 4380 425 4450 11
447 4385 496 4432 165
516 4383 613 4445 Fugere
