3140 5036
270 394 330 460 126
800 391 858 455 IIII

266 563 383 642 multa,
400 561 543 628 dolorem
566 563 665 628 oculis
688 581 771 645 quae
793 563 927 648 gignunt
947 564 1164 630 insinuando.

266 676 369 741 lurida
390 683 563 760 practerea
585 676 663 741 fiunt
686 698 768 760 quae
792 698 925 760 cumque
948 684 1075 745 tuentur

267 791 411 876 arquati,
429 792 504 873 quia
526 793 641 858 luroris
665 793 705 859 de
730 813 861 879 corpore
885 814 994 860 eorum

267 906 391 973 semina
413 907 513 973 multa
535 907 635 972 fluunt
657 909 834 974 simulacris
857 910 953 975 obvia
976 930 1100 993 rerum,

192 1044 242 1090 310
267 1023 428 1104 multaque
451 1029 523 1088 sunt
545 1024 645 1089 oculis
667 1025 701 1089 in
723 1045 831 1090 eorum
856 1024 991 1106 denique
1013 1026 1134 1108 mixta,

267 1158 348 1219 quae
371 1143 506 1220 contage
530 1159 589 1203 sua
610 1139 788 1222 palloribus
812 1139 920 1203 omnia
942 1139 1095 1223 pingunt.

268 1273 284 1316 e
306 1253 446 1318 tenebris
469 1258 573 1318 autem
598 1274 682 1335 quac
705 1254 832 1318 suntin
854 1255 925 1318 luce
946 1259 1070 1318 tuemur

265 1372 435 1449 propterea
459 1368 552 1452 quia,
569 1389 640 1433 oum
662 1369 794 1453 propior
815 1368 960 1451 caliginis
983 1376 1038 1433 ηδτ

266 1488 337 1547 ater
358 1483 417 1545 init
440 1483 549 1547 oculos
571 1484 657 1567 prior
679 1489 710 1548 et
732 1483 877 1567 possedit
899 1489 1050 1567 apertos,

193 1618 242 1664 aro
265 1597 441 1679 insequitur
464 1597 603 1662 candens
626 1598 795 1664 confestim
817 1597 941 1662 lucidus
964 1606 1038 1680 ηδτ,

267 1713 319 1794 qui
343 1713 434 1792 quasi
456 1719 571 1796 purgat
593 1733 648 1777 eos
671 1732 710 1776 ac
732 1711 841 1795 nigras
862 1711 989 1776 discutit
1011 1713 1140 1778 umbras

268 1828 351 1892 ae‘ris
372 1827 479 1892 illius:
496 1850 572 1893 nam
594 1828 699 1892 multis
721 1826 867 1910 partibus
889 1826 941 1891 hic
964 1833 1012 1891 est

265 1942 413 2007 mobilior
435 1943 604 2024 multisque
625 1943 774 2006 minutior
796 1947 828 2007 et
849 1962 943 2024 mage
965 1942 1111 2026 pollens.

267 2058 321 2139 qui
343 2057 435 2121 simul
458 2063 554 2141 atque
575 2058 646 2123 vias
670 2056 831 2122 oculorum
854 2058 924 2122 luce
947 2057 1083 2141 replevit

193 2193 243 2240 sao
269 2178 365 2253 atquc
387 2179 463 2257 pate
486 2173 580 2252 fecit,
596 2193 675 2254 quas
698 2179 773 2238 ante
796 2173 968 2238 obsederat
990 2177 1080 2248 ater,

266 2295 342 2352 ηδτη
364 2288 511 2352 continuo
534 2308 639 2352 rerum
663 2287 835 2353 simulacra
857 2293 1024 2369 secuntur,

268 2422 349 2483 quae
372 2403 433 2466 sita
456 2409 527 2466 sunt
548 2403 582 2465 in
604 2403 694 2485 luce,
712 2396 934 2481 lacessuntque
956 2408 990 2465 ut
1012 2401 1197 2466 viduamne.

192 2537 242 2584 34ss
269 2516 356 2598 quod
378 2515 612 2581 contrafacere
635 2516 667 2579 in
690 2517 830 2581 tenebris
853 2537 870 2579 e
893 2517 963 2580 lucc
987 2516 1153 2597 nequimus

266 2638 437 2716 propterea
460 2631 535 2713 quia
557 2632 713 2715 posterior
735 2631 884 2712 caliginis
906 2638 962 2695 ηδτ

193 2770 243 2817 350
269 2747 404 2812 crassior
426 2747 620 2828 insequitur,
638 2747 690 2827 qui
714 2751 828 2811 cuncta
850 2745 1010 2808 foramina
1034 2745 1171 2828 complet

267 2861 448 2941 obsiditque
470 2859 538 2925 vias
562 2861 743 2943 oculorum,
761 2881 800 2924 ne
823 2859 994 2924 simulacra

266 2975 389 3061 possint
410 2975 545 3038 ullarum
567 2994 673 3039 rerum
696 2975 842 3040 coniecta
863 2995 1009 3040 movere.

268 3091 500 3173 quadratasque
522 3091 632 3174 procul
655 3091 748 3155 turris
771 3111 841 3156 oum
864 3091 1021 3156 cernimus
1044 3090 1151 3172 urbis,

268 3212 439 3290 propterea
460 3205 494 3267 fit
517 3205 561 3268 uti
585 3206 753 3271 videantur
776 3227 872 3291 saepe
895 3208 1070 3288 rutundae,

194 3345 243 3392 355
270 3321 406 3403 angulus
429 3325 561 3404 optusus
585 3321 659 3401 quia
680 3322 777 3405 longe
801 3323 937 3386 cernitur
960 3320 1083 3403 omnis,

269 3438 335 3502 sive
359 3437 452 3501 etiam
475 3435 582 3518 potius
605 3456 668 3500 non
686 3433 827 3500 'cernitur
850 3457 889 3500 ae
910 3437 993 3521 perit
1014 3435 1083 3499 eius

268 3553 366 3636 plaga
388 3571 448 3616 nec
472 3550 514 3614 ad
537 3557 662 3614 nostras
686 3549 771 3614 acies
794 3549 970 3632 perlabitur
991 3549 1091 3629 ictus,

270 3674 346 3733 ηδτη
366 3685 425 3751 per
447 3666 578 3729 multum
601 3664 677 3746 quia
700 3663 774 3727 dum
798 3663 969 3727 simulacra
991 3661 1154 3745 feruntur,

184 3829 188 3834 -
268 3783 353 3867 cogit
373 3780 547 3846 hebescere
571 3801 641 3845 eum
665 3778 784 3842 crebris
807 3777 981 3844 offensibus
1004 3784 1079 3842 ηδτ.

195 3895 330 3998 3600hoc
351 3897 405 3960 ubi
428 3894 556 3976 suffugit
579 3913 705 3958 sensum
728 3892 821 3956 simul
844 3893 981 3973 angulus
1004 3891 1128 3970 omnis,

274 4199 323 4248 309
343 4198 423 4248 moult
443 4195 456 4266 ll
477 4199 526 4247 313
546 4196 663 4262 proprior
682 4192 695 4264 ΙΙ
717 4198 765 4246 317
785 4196 862 4245 ullius
883 4191 896 4262 Η
921 4197 969 4245 321
989 4195 1059 4243 A'e'ra
1077 4193 1215 4244 omissum.
1237 4189 1249 4260 ll
1270 4192 1318 4241 351
1340 4189 1392 4239 Ob-

274 4287 335 4336 sidit
352 4288 413 4349 quia
441 4284 455 4355 ΙΙ
483 4289 533 4337 352
553 4295 669 4336 contecta
686 4285 798 4334 moveri.
829 4282 842 4352 Η
872 4285 922 4332 355
942 4290 1044 4346 optutus
1073 4279 1086 4348 Η
1115 4283 1164 4330 357
1184 4280 1278 4343 Plagae
1301 4277 1312 4348 l!
1339 4286 1392 4328 ates

275 4373 414 4424 deriabitnr
