3140 5032
712 375 741 440 V

164 567 255 612 arma
278 547 410 629 antiqua
430 567 545 611 manus
568 567 692 628 ungues
714 547 892 628 dentesque
914 546 1060 614 fuerunt.

165 669 197 727 et
219 661 345 746 lapides
368 670 401 726 et
422 663 499 728 item
521 661 671 726 silvarum
693 660 855 744 fragmina
876 663 977 740 rami,

78 798 149 845 raas
165 783 196 842 et
217 776 345 842 flamma
367 782 464 858 atque
486 777 598 858 ignee,
614 783 688 860 post
709 796 805 858 quam
827 784 901 842 sunt
921 779 1047 862 cognita
1068 780 1225 864 primum.

164 893 322 976 posterius
345 891 492 956 ferri'vis
515 897 564 956 est
585 892 732 972 aerisque
754 897 903 976 reperta.

164 1013 196 1071 et
218 1007 304 1090 prior
327 1006 411 1070 aeris
434 1012 502 1070 erat
523 1026 618 1088 quam
641 1005 717 1071 ferri
740 1007 886 1088 cognitus
908 1027 1005 1092 usus,

165 1142 227 1203 quo
250 1121 356 1186 facilis
379 1121 483 1202 magis
505 1129 553 1186 est
574 1127 691 1186 natura
713 1129 745 1187 et
765 1122 860 1206 eopia
882 1123 1005 1188 maior.

165 1256 243 1302 aere
266 1237 368 1302 solum
392 1243 497 1302 terrae
519 1239 721 1320 tractabant,
738 1255 876 1318 aereque
898 1238 976 1302 belii

76 1371 147 1418 meo
164 1351 341 1418 miscebant
362 1350 475 1416 fluctus
498 1357 529 1416 et
550 1352 684 1416 vulnera
705 1357 797 1418 vasta
820 1352 969 1418 serebant

164 1473 196 1530 et
216 1485 315 1550 pecus
330 1475 433 1548 atque
455 1486 553 1548 agros
575 1466 781 1532 adimebant:
797 1487 872 1530 nam
894 1465 988 1532 facile
1011 1469 1084 1534 01110

164 1581 272 1646 omnia
296 1581 452 1646 cedebant
473 1581 604 1646 armatis
627 1581 715 1646 nuda
737 1588 769 1646 et
789 1582 932 1648 inerma.

161 1696 236 1758 inde
259 1695 437 1760 minutatim
460 1696 617 1780 processit
639 1694 763 1760 ferreus
785 1696 890 1772 ensis,

161 1829 319 1893 versaque
340 1810 372 1874 in
396 1811 600 1895 obprobrium
623 1811 747 1893 speeies
769 1817 818 1874 est
840 1810 932 1876 falcis
954 1813 1099 1898 ahenae,

79 1924 300 1994 10000110110
325 1945 459 2009 coepere
482 1903 583 1990 solum
606 1926 810 2008 proscindere
833 1931 937 1992 terrae

163 2048 406 2121 exaequataque
428 2049 502 2106 sunt
524 2041 645 2124 creperi
668 2041 844 2106 certamina
866 2041 962 2106 belli.

162 2162 192 2218 et
213 2157 302 2240 prius
325 2161 374 2220 000
395 2163 551 2220 armatum
572 2155 607 2218 in
629 2155 704 2236 equi
726 2156 941 2221 conscendere
964 2163 1069 2222 costas

160 2277 191 2334 et
214 2270 408 2336 moderarier
430 2271 514 2334 hunc
536 2269 634 2333 frenis
658 2268 834 2350 dextraque
855 2269 965 2350 vigere

161 2405 256 2467 quam
278 2385 389 2468 biiugo
413 2405 506 2450 curru
528 2383 606 2450 belli
628 2389 786 2467 temptare
808 2385 951 2469 pericla.

79 2520 147 2568 1300
165 2505 197 2566 et
218 2499 346 2580 biiugos
368 2499 456 2582 prius
478 2506 527 2564 000
549 2519 646 2580 quam
669 2499 718 2564 bis
741 2499 933 2584 coniungere
956 2501 1050 2568 binos

163 2622 195 2680 00
217 2633 310 2697 quam
333 2597 498 2678 falciferos
520 2617 676 2676 armatum
700 2614 875 2678 escendere
899 2635 1030 2681 currus.

160 2729 236 2794 inde
259 2730 359 2796 boves
380 2729 470 2793 lucas
493 2727 604 2793 turrito
628 2747 781 2811 corpore,
799 2733 920 2806 tetras,

162 2845 398 2928 anguimanus,
413 2844 489 2909 belli
512 2844 689 2910 docuerunt
710 2843 845 2909 volnera
866 2843 968 2910 Poeni

160 2963 294 3028 sufferre
318 2965 350 3024 et
371 2979 507 3040 magnas
528 2961 638 3024 Martis
660 2959 789 3024 turbare
813 2965 979 3024 catervas.

77 3099 143 3146 1000
162 3078 209 3144 010
231 3075 299 3140 alid
321 3097 361 3142 ex
383 3077 446 3142 0110
469 3075 594 3160 peperit
616 3073 776 3138 discordia
797 3073 917 3157 tristis,

160 3192 313 3256 horribile
336 3190 484 3256 humanis
507 3187 593 3271 quod
615 3188 763 3270 gentibus
787 3189 927 3254 00000111
949 3187 1066 3272 armis,

160 3307 257 3389 inque
279 3307 351 3374 dies
374 3307 450 3372 belli
472 3303 648 3370 terroribus
670 3302 796 3368 addidit
817 3322 979 3384 augmen.

199 3423 410 3507 Temptarunt
432 3420 528 3486 etiam
549 3426 658 3484 tauros
681 3418 714 3482 in
737 3437 888 3486 moenere
910 3418 1008 3499 belli,

162 3537 349 3622 expertique
370 3555 444 3602 sues
467 3554 584 3602 saevos
606 3539 680 3600 sunt
702 3533 825 3600 mittere
846 3534 881 3598 in
902 3535 1024 3602 hostis.

77 3671 144 3718 1010
163 3657 195 3716 00
216 3651 344 3717 validos
365 3651 482 3736 partim
504 3669 583 3736 prae
606 3669 641 3716 sc
664 3651 780 3716 misere
803 3650 914 3716 leones

161 3787 233 3832 oum
257 3767 441 3833 doctoribus
463 3765 595 3832 armatis
618 3766 788 3847 saevisque
810 3767 993 3850 magistris,

163 3883 216 3964 qui
238 3881 435 3947 moderarier
457 3881 507 3944 his
529 3886 659 3962 possent
680 3879 857 3960 vinclisque
880 3887 1011 3962 tenere,

162 4015 204 4061 ne
228 3996 400 4079 quiquam,
416 3994 569 4077 quoniam
590 3992 750 4075 permixta
772 3993 873 4056 caede
895 3993 1039 4057 calentes

164 4273 232 4322 1280
251 4271 337 4322 flamm
358 4268 372 4339 ΙΙ
394 4271 460 4319 1288
479 4267 593 4318 maiore.
613 4263 627 4336 ΙΙ
649 4269 716 4320 1294
735 4267 841 4333 speciest
865 4263 877 4334 ΙΙ
898 4265 1021 4316 athenae.
1041 4261 1054 4333 11
1078 4265 1144 4316 1300
1164 4262 1251 4328 biiugo
1273 4259 1286 4332 Η

166 4361 232 4410 1302
254 4357 330 4427 00011
351 4365 445 4410 tetros.
466 4355 478 4424 11
501 4357 566 4407 1307
586 4356 660 4407 bellis
