3140 5036
708 411 766 473 llll
1158 413 1160 418 ’
1238 415 1297 480 119

12 551 29 628 '⁸
176 579 253 660 quid
277 579 381 644 cordis
405 579 521 661 globus
543 586 599 644 aut
621 580 733 645 oculi?
749 580 824 661 quid
846 580 1019 645 membra?
1035 581 1112 662 quid
1136 583 1252 648 artus?

102 714 153 760 120
181 695 335 775 quantula
357 695 449 759 sunt!
468 693 545 774 quid
566 701 733 776 praeterea
755 695 932 778 primordia
956 714 1124 780 quaeque,

177 809 261 872 unde
285 808 394 873 anima
417 815 514 891 atquc
538 809 636 873 animi
659 815 782 874 constet
804 814 920 874 natura
942 813 1168 876 necessumst?

176 942 283 988 nonne
305 923 396 988 vides
419 944 515 1005 quarn
540 925 602 988 sint
624 924 755 988 subtilia
778 945 938 1006 quamque
962 924 1112 990 minuta?

175 1043 348 1130 praeterea
371 1058 454 1120 quac
478 1057 612 1119 cumque
636 1060 693 1103 suo
717 1038 757 1103 de
780 1059 913 1122 corpore
937 1039 1067 1104 odorem

176 1153 324 1235 expirant
347 1172 474 1236 acrem,
491 1172 653 1234 panaces,
670 1153 832 1218 absinthia
855 1159 977 1238 taetra,

103 1287 154 1333 111
180 1265 411 1347 habrotonique
435 1287 551 1348 graves
574 1275 605 1331 et
626 1267 729 1332 tristia
752 1273 946 1351 centaurea,

177 1399 310 1461 quorum
334 1400 431 1444 unum
455 1380 579 1463 quidvis
602 1382 714 1447 leviter
737 1382 763 1447 si
787 1381 868 1446 forte
891 1383 1016 1448 duobus

685 1545 704 1584 ³1<

688 1617 703 1638 υ

654 1729 708 1810 qui
730 1727 862 1793 fulmine
885 1730 973 1794 claro

179 1842 286 1904 omnia
308 1861 365 1924 per
386 1842 509 1907 sonitus
533 1847 640 1926 arcet,
654 1849 771 1908 terram
786 1894 793 1921 ,
809 1863 917 1927 mare,
934 1845 1079 1909 caelum.

686 2003 706 2042 ³1:

104 2209 150 2254 111
178 2187 253 2269 quin
276 2187 382 2270 potius
405 2207 521 2252 noscas
544 2207 649 2252 rerum
672 2188 845 2252 simulacra
867 2189 980 2272 vagari

178 2301 280 2366 multa
301 2300 407 2366 modis
429 2301 558 2379 multis,
575 2302 667 2366 nulla
689 2301 740 2385 vi,
757 2321 913 2384 cassaque
936 2303 1060 2367 sensu?

54 2417 71 2452 ⁹
218 2416 292 2503 [Sed
315 2434 355 2481 ne
379 2414 461 2481 forte
483 2422 576 2501 putes
600 2436 639 2481 ea
663 2415 790 2481 demum
813 2417 882 2481 sola
903 2417 1036 2500 vagari,

106 2553 156 2600 130
181 2549 265 2613 quae
289 2551 424 2613 cumque
447 2531 489 2595 ab
511 2530 607 2596 rebus
628 2551 733 2596 rerum
757 2531 930 2596 simulacra
953 2529 1127 2616 recedunt,

181 2653 255 2711 sunt
278 2647 374 2712 ctiam
398 2664 481 2727 quae
504 2652 618 2729 sponte
641 2666 699 2711 sua
722 2645 894 2729 gignuntur·
916 2651 947 2709 ct
969 2645 1041 2730 ipsa

180 2762 412 2826 constituuntur
434 2760 468 2823 in
490 2759 551 2824 hoc
574 2761 686 2838 caelo,
703 2760 758 2842 qui
781 2758 896 2823 dicitur
918 2765 993 2836 aer,

107 2897 156 2944 135
181 2894 265 2957 quae
289 2875 395 2940 multis
418 2874 556 2938 formata
578 2873 682 2940 modis
706 2873 841 2940 sublime
863 2872 1041 2952 le1·untur‚.

104 3013 152 3058 141
181 3010 239 3055 nec
261 2989 400 3074 speciem
424 2995 548 3054 mutare
571 3010 663 3054 suam
686 2989 843 3072 liquentia
865 2995 993 3055 cessant

183 3111 215 3170 et
237 3105 390 3186 cuiusque
414 3103 499 3167 modi
522 3103 694 3169 formarum
716 3109 841 3169 vertere
863 3105 897 3167 in
920 3123 1014 3185 oras3

106 3241 156 3288 133
182 3226 216 3284 ut
238 3219 339 3284 nubes
353 3217 457 3284 -facile
480 3216 661 3302 interdum
684 3237 888 3283 concrescere
911 3217 944 3280 in
967 3217 1033 3281 alto

182 3335 339 3399 cernimus
364 3340 395 3398 et
417 3332 529 3398 mundi
551 3333 692 3417 speciem
714 3332 836 3406 violare
859 3351 1026 3416 serenam,

107 3471 157 3518 136
184 3457 261 3514 a'e'ra
284 3448 458 3514 mulcentes
480 3454 586 3513 motu:
601 3468 676 3512 nam
700 3467 797 3534 saepe
821 3447 995 3529 Gigantum

183 3582 241 3627 ora
262 3564 372 3627 volare
394 3563 542 3627 videntur
565 3569 597 3628 et
618 3563 765 3628 umbram
787 3563 903 3628 ducere
924 3563 1010 3646 late,

183 3677 266 3741 inter
289 3676 363 3740 dum
387 3677 494 3759 magni
515 3684 639 3742 montes
662 3678 838 3759 avolsaque
861 3696 943 3742 saxa

183 3793 344 3856 montibus
367 3797 441 3856 ante
462 3792 508 3856 ire
531 3797 562 3858 et
584 3792 685 3857 solem
708 3792 880 3857 succedere
902 3796 1050 3874 praeter,

109 3928 160 3974 140
185 3905 260 3972 inde
284 3907 366 3973 alios
388 3906 513 3971 trahere
537 3912 634 3988 atque
656 3906 806 3970 inducere
829 3906 926 3970 belua
948 3903 1115 3989 nimbos]

110 4042 160 4089 143
227 4022 320 4086 Nunc
341 4039 381 4086 ea
403 4039 498 4102 quam
520 4020 606 4084 facili
630 4025 663 4084 et
684 4020 780 4085 celeri
802 4018 925 4084 ratione
948 4022 1106 4099 genantur

186 4141 403 4220 perpetuoque
424 4133 527 4198 fluant
549 4135 591 4200 ab
614 4134 709 4199 rebus
731 4133 889 4217 lapsaque
912 4131 1028 4200 cedant

191 4382 240 4431 142
259 4380 351 4430 horas.
373 4378 386 4448 Η
408 4381 456 4430 143
474 4386 610 4446 gerantur.
