3140 5032
276 397 339 464 936
817 391 863 456 VI

315 562 409 638 Quod
432 582 529 646 super
551 569 619 647 est,
636 583 731 650 agere
753 563 905 646 incipiam
929 584 991 646 quc
1015 563 1146 630 foedere
1168 564 1223 628 fiat

278 685 432 754 naturae,
450 677 534 762 lapis
556 677 608 743 hic
631 686 665 742 ut
687 676 806 743 serrum
830 677 945 742 ducere
968 680 1089 762 possit,

277 814 371 877 quem
393 795 543 875 Magneta
566 799 681 858 vocant
703 793 807 876 patric
831 793 871 858 de
895 794 1023 858 nomine
1047 793 1144 872 Grai,

277 911 460 993 Magnetum
483 909 558 990 quia
580 908 614 972 fit
636 908 749 992 patriis
772 908 804 971 in
827 908 944 974 finibus
967 915 1058 973 0110.

201 1045 252 1091 910
277 1024 361 1088 hunc
383 1024 529 1088 homines
550 1023 691 1108 lapidem
715 1023 890 1088 mirantur:
908 1023 1026 1107 quippe
1050 1028 1196 1088 catenam

278 1158 378 1222 saepe
402 1159 440 1202 ex
464 1139 578 1203 anellis
601 1139 706 1204 reddit
728 1138 945 1224 pendentibus
969 1157 1008 1203 ex
1032 1159 1086 1203 se.

276 1255 416 1336 quinque
439 1253 556 1318 etenim
579 1255 653 1319 licet
675 1255 758 1318 inter
780 1255 854 1319 dum
878 1255 1050 1338 pluresque
1072 1253 1183 1320 videre

277 1368 390 1433 ordine
414 1369 572 1435 demissos
594 1371 719 1436 levibus
742 1370 890 1435 iactarier
912 1371 1020 1454 auris,

275 1505 358 1550 unus
381 1485 434 1548 ubi
458 1504 498 1548 ex
522 1507 585 1550 uno
606 1485 766 1570 dependet
788 1491 898 1569 supter
921 1486 1123 1568 adhaerens,

203 1619 252 1665 910
279 1618 316 1662 ex
341 1599 469 1682 alioque
493 1600 575 1665 alius
598 1601 715 1685 lapidis
737 1601 800 1665 vim
823 1600 993 1681 vinclaque
1017 1600 1138 1666 nescit:

277 1735 378 1796 usque
401 1713 481 1780 adeo
504 1723 732 1799 permananter
754 1715 802 1780 vis
825 1716 969 1798 pervolat
991 1715 1078 1780 eius.

316 1831 384 1893 Hoc
405 1849 507 1913 genus
530 1831 561 1894 in
585 1832 680 1896 rebus
702 1831 922 1895 firmandumst
944 1830 1044 1894 multa
1066 1828 1154 1914 prius
1177 1850 1270 1910 quam

276 1944 378 2028 ipsius
400 1945 448 2010 rei
471 1947 629 2011 rationem
652 1946 788 2012 reddere
810 1947 934 2030 possis,

277 2065 308 2123 et
329 2060 460 2124 nimium
484 2061 589 2143 longis
612 2061 805 2143 ambagibus
829 2067 877 2126 est
900 2060 1103 2142 adeundum

203 2193 253 2240 920
279 2194 342 2255 quc
367 2176 468 2257 magis
491 2181 628 2241 attentas
651 2176 738 2241 auris
761 2177 967 2258 animumque
989 2195 1142 2260 reposco.

316 2290 477 2376 Principio
502 2293 649 2356 omnihus
672 2292 714 2356 ab
738 2292 854 2367 rebus,
872 2312 952 2373 quas
975 2309 1110 2373 cumque
1133 2289 1296 2374 videmus,

277 2415 432 2493 perpetuo
454 2408 553 2474 fluere
575 2427 613 2472 ac
636 2406 715 2471 mitti
738 2407 910 2492 spargique
934 2413 1095 2472 necessest

279 2543 413 2606 corpora
437 2544 522 2607 quae
545 2523 663 2590 feriant
684 2523 794 2588 oculos
816 2523 983 2605 visumque
1005 2524 1188 2588 lacessant:

280 2647 499 2724 perpetuoque
521 2640 624 2704 fluunt
646 2640 741 2704 certis
764 2639 806 2702 ab
828 2640 924 2704 rebus
946 2639 1081 2722 odores3

203 2777 252 2824 990
278 2757 380 2842 frigus
404 2763 438 2820 ut
460 2777 480 2821 a
502 2756 628 2833 fluviis,
645 2755 732 2820 calor
755 2755 795 2820 ab
819 2755 906 2837 sule,
924 2759 1033 2819 aestus
1056 2754 1098 2818 ab
1121 2752 1216 2816 undis

279 2873 449 2957 aequeris,
467 2893 580 2939 exesor
602 2889 801 2952 moerorum,
818 2868 911 2932 litora
932 2875 1082 2953 propter:

278 3011 337 3056 nec
359 2990 440 3054 varii
464 2994 590 3055 cessant
613 2987 736 3052 sonitus
759 3004 890 3048 manare
911 3003 970 3068 per
992 3003 1107 3048 auras:

278 3105 417 3188 denique
438 3106 471 3170 in
495 3126 531 3171 os
554 3103 632 3170 salsi
654 3102 742 3167 venit
763 3119 855 3165 umor
877 3118 975 3182 saepe
999 3098 1144 3181 saporis,

279 3241 348 3286 cum
371 3241 462 3286 mare
484 3239 650 3285 versamur
673 3223 822 3302 propter,
841 3214 1004 3297 dilutaque
1028 3219 1138 3278 contra

203 3357 254 3404 994
278 3343 343 3402 tum
366 3336 482 3400 tuimur
504 3333 629 3400 misceri
650 3331 829 3408 absinthia,
846 3331 949 3414 tangit
971 3349 1118 3394 amaror.

118 3427 121 3434 Δ
279 3471 380 3533 usque
403 3451 485 3516 adec
509 3449 656 3515 omnibus
679 3446 720 3510 ab
742 3445 838 3510 rebus
860 3465 912 3508 res
935 3463 1081 3526 quaeque
1103 3442 1238 3506 fluenter

204 3587 254 3634 900
279 3565 378 3630 101101
401 3566 486 3629 etin
510 3569 638 3628 cunctas
663 3560 828 3625 dimittitur
850 3557 990 3640 undique
1013 3557 1133 3641 partis,

278 3701 337 3746 nee
359 3699 453 3744 mora
474 3698 534 3743 1100
558 3677 685 3758 requies
707 3675 789 3738 inter
811 3674 905 3737 datur
927 3672 993 3736 ulla
1014 3671 1152 3755 fluendi,

280 3801 436 3880 perpetuo
460 3793 610 3875 quoniam
634 3789 786 3854 sentimus
810 3794 841 3853 01
864 3787 970 3852 omnia
992 3805 1138 3870 semper.

277 3996 478 4004 .-.--—---—

281 4131 329 4178 997
349 4126 414 4191 lapsi
438 4121 451 4192 11
478 4126 527 4173 998
548 4123 631 4185 Quam
656 4120 669 4190 11
695 4124 744 4171 909
764 4129 849 4170 01109.
872 4117 885 4188 11
906 4122 955 4168 919
976 4119 1026 4180 Qui
1044 4133 1126 4180 neque
1152 4114 1164 4184 11
1189 4118 1238 4165 913
1258 4115 1366 4164 demisso
1389 4112 1403 4178 11

280 4217 388 4266 iactarer
406 4228 497 4261 auras.
520 4209 532 4276 11
555 4214 604 4260 919
624 4211 758 4271 vinciaquc
783 4206 796 4276 11
817 4211 866 4256 916
886 4215 1045 4270 permanater
1070 4208 1083 4271 11
1107 4205 1217 4269 pervalet
1242 4200 1256 4271 11
1280 4204 1329 4250 919
1349 4217 1404 4249 anr-

282 4303 419 4367 baginibus
439 4297 452 4367 11
473 4299 597 4348 99910111
617 4298 750 4362 spurcique
775 4293 787 4363 11
809 4298 858 4344 993
878 4311 943 4356 uque
962 4293 976 4362 11
998 4297 1047 4342 995
1067 4309 1083 4342 0
1101 4293 1240 4341 antissam.
1261 4290 1273 4355 11
1294 4287 1368 4336 flnvis
1388 4286 1403 4357 11

283 4393 369 4440 00010
392 4386 405 4455 11
427 4389 477 4436 998
496 4395 555 4435 110111
576 4382 588 4452 11
610 4388 656 4433 931
679 4384 762 4445 requis
782 4381 795 4449 11
817 4383 1048 4442 933=1v,229.
1093 4367 1095 4374 ’
