3140 5032
689 333 774 409 'm

188 514 366 599 exprimere
388 521 422 580 ut
446 515 526 609 caeli
548 515 718 580 videantur
738 515 860 599 templa
882 533 1040 598 superne.

188 630 263 696 inde
285 635 403 696 tremor·
425 637 529 696 terras
553 629 694 710 graviter
716 636 926 714 pertemptet,
944 636 976 696 et
998 632 1097 696 altum

110 767 114 774 ·
187 765 348 809 murmura
372 750 558 829 percurrunt
581 745 704 810 caelum
718 769 725 807 :
741 763 815 808 nam
839 749 905 808 tota
927 747 994 812 fere
1016 752 1083 810 tum

187 854 360 942 tempestas
383 879 540 925 concussa
563 859 667 924 tremit
688 859 893 942 fremitusque
915 868 1101 928 moventur.

110 995 162 1043 aco
188 995 250 1056 quo
274 976 315 1039 de
337 992 494 1039 concussu
518 974 659 1056 sequitur
681 975 788 1058 gravis
809 974 909 1038 imber
932 980 965 1040 et
986 976 1084 1062 uber,

187 1089 289 1154 omnis
312 1090 357 1152 nti
379 1089 526 1155 videatur
548 1089 582 1154 in
605 1088 738 1154 imbrem
761 1089 877 1154 vertier
897 1091 1006 1156 aether

186 1209 283 1286 atque
305 1204 350 1268 ita
371 1203 587 1288 praecipitans
610 1203 653 1268 ad
677 1203 828 1268 diluviem
851 1205 1013 1270 revocari:

185 1323 292 1383 tantus
314 1317 451 1382 discidio
474 1319 567 1382 nubis
589 1317 737 1398 ventique
760 1320 903 1402 procella

186 1433 340 1516 mittitur,
358 1433 481 1498 ardenti
504 1433 626 1497 sonitus
650 1452 720 1496 curn
744 1433 894 1516 provolat
915 1433 998 1497 ictu.

112 1568 163 1615 295
189 1553 239 1612 est
262 1547 356 1612 etiam
381 1567 449 1612 eum
472 1547 521 1612 vio
544 1547 742 1612 extrinsecus
765 1548 863 1620 incita
884 1548 969 1612 venti

185 1661 297 1727 incidit
319 1661 351 1724 in
373 1661 537 1744 gravidam
561 1666 684 1727 maturo
708 1661 841 1728 fulmine
863 1663 999 1741 nubem;

185 1797 281 1859 quam
305 1797 375 1841 curn
399 1775 575 1860 perscidit,
593 1777 753 1860 extemplo
777 1777 862 1842 cadit
883 1778 998 1862 igneus
1020 1780 1076 1844 ille

184 1897 314 1975 vertex,
332 1911 425 1973 quem
448 1891 552 1973 patrio
575 1891 750 1956 vocitamus
773 1892 901 1957 nomine
922 1892 1062 1960 fulmen.

184 2006 245 2070 hoc
266 2005 301 2069 fit
321 2005 407 2070 idem
431 2005 464 2068 in
487 2005 586 2087 partis
610 2005 709 2088 aliae,
728 2026 790 2087 quc
814 2027 948 2088 cumque
970 2009 1042 2073 tulit
1064 2011 1133 2076 vis.

107 2144 159 2191 300
184 2121 219 2186 fit
242 2139 369 2203 quoque
391 2125 425 2183 ut
446 2119 529 2184 inter
552 2119 626 2183 dum
650 2120 734 2182 venti
757 2120 806 2184 vio
829 2121 927 2185 missa
949 2123 1018 2189 sine
1041 2125 1109 2204 igni
1137 2167 1140 2173 ·

182 2235 322 2316 igniscat
344 2240 453 2300 tamen
476 2235 508 2298 in
531 2235 636 2320 spatio
660 2237 823 2319 longoque
846 2241 971 2319 meatu,

184 2371 254 2417 cum
275 2350 362 2416 venit
385 2351 533 2415 amittens
555 2350 588 2414 in
612 2369 706 2416 eursu
728 2373 866 2435 corpora
890 2351 1048 2434 quaedam

185 2464 340 2549 grandia,
358 2485 441 2548 quae
465 2471 625 2546 nequeunt
647 2467 763 2549 pariter
785 2473 953 2551 penetrare
976 2487 1033 2552 per
1055 2485 1174 2547 aureo,

186 2585 281 2661 atque
304 2580 369 2644 alia
391 2599 431 2645 ex
455 2579 526 2664 ipso
550 2585 730 2646 conradens
754 2589 825 2645 aere
849 2589 953 2664 portat

108 2717 160 2765 305
185 2695 340 2779 parvola,
357 2715 440 2776 quae
463 2694 587 2759 faciunt
608 2695 715 2776 ignem
739 2696 910 2762 commixta
932 2697 1092 2780 volando,

183 2830 249 2875 non
271 2809 337 2874 alla
359 2810 455 2892 longe
478 2810 602 2876 ratione
625 2831 664 2876 ac
686 2809 838 2906 plumbea
861 2830 980 2894 saepe·

182 2924 307 2990 fervida
329 2923 363 2988 fit
385 2925 480 3006 glans
502 2927 534 2988 in
558 2946 671 3010 cursu,
689 2945 760 2991 eum
783 2927 883 2990 multa
906 2912 1022 3008 rigoris

184 3060 320 3125 corpora
342 3037 503 3102 dimittens
524 3041 632 3124 ignem
656 3041 801 3122 concepit
822 3039 854 3102 in
878 3039 984 3104 auris.

182 3154 217 3218 fit
239 3174 367 3236 quoque
390 3162 424 3217 ut
445 3155 546 3238 ipsius
568 3155 687 3238 plagae
710 3155 758 3219 vis
782 3159 899 3220 excitet
922 3155 1049 3241 ignem,

108 3291 159 3338 310
184 3269 300 3352 frigida
323 3289 394 3334 cum
417 3269 502 3333 venti
524 3269 648 3353 pepulit
669 3269 718 3334 vio
742 3271 841 3334 missa
864 3271 932 3335 eine
954 3271 1040 3356 igni,

185 3385 217 3448 ni
238 3384 372 3466 mirum,
389 3384 486 3466 quia,
504 3404 573 3449 cum
597 3387 735 3450 vementi
758 3385 893 3468 perculit
914 3384 999 3468 ictu,

184 3498 344 3564 confluere
367 3518 406 3563 ex
428 3499 499 3583 ipso
521 3507 655 3584 possunt
676 3500 835 3565 elementa
858 3501 1007 3586 vaporis,

184 3619 216 3679 et
238 3614 332 3679 simul
355 3633 395 3677 ex
416 3613 472 3678 illa
495 3633 577 3696 quae
600 3621 665 3679 tum
688 3634 740 3680 reo
764 3615 882 3700 excipit
903 3617 1019 3700 ictum;

183 3734 238 3806 ut,
254 3728 396 3813 lapidem
418 3729 504 3794 ferro
528 3749 598 3795 cum
622 3730 804 3807 caedimus,
822 3731 927 3796 evolat
947 3733 1052 3816 ignis,

4 3869 9 3892 ι
110 3865 161 3913 315
188 3863 267 3928 nec,
285 3843 369 3926 quod
392 3843 510 3928 frigida
531 3847 581 3910 vis
602 3844 729 3922 leniet,
746 3844 807 3910 hoc
829 3845 928 3910 setius
949 3845 996 3909 illi

184 4027 384 4036 ———.

187 4151 237 4199 286
258 4149 406 4214 Opprimere
434 4147 446 4216 ll
474 4150 525 4198 988
543 4154 681 4212 pecurrunt
705 4143 719 4214 ll
743 4148 793 4195 290
812 4123 986 4212 concussus⁰ll
1011 4149 1059 4196 991
1079 4155 1108 4196 ut
1133 4146 1145 4214 ΙΙ
1167 4149 1217 4196 292
1236 4163 1307 4198 revo-

188 4249 263 4286 care.
285 4233 298 4304 Η
318 4239 368 4286 ‘295
387 4236 421 4284 Ει
447 4233 459 4303 Η
486 4237 535 4284 296
555 4235 640 4282 valida
662 4231 674 4302 ll
694 4233 804 4284 culmine
824 4231 836 4301 ll
858 4235 908 4284 298
927 4233 1009 4298 spatio
1030 4230 1043 4302 ΙΙ
1065 4237 1114 4285 302
1134 4235 1203 4284 Dum
1223 4232 1236 4303 ll
1257 4235 1307 4286 808

187 4325 302 4390 concipit
323 4321 335 4393 Η
356 4327 406 4374 309
425 4323 487 4388 ipsis
508 4320 521 4391 ll
542 4325 592 4372 315
612 4323 673 4372 ille.
