3140 5036
693 413 754 478 IIlI

158 605 199 652 an
221 590 372 671 poterunt
395 585 504 652 oeulos
527 607 619 652 aures
642 587 895 671 reprehendere,
913 606 956 651 au
977 605 1070 652 aures

158 707 258 766 tactus
271 703 287 766 ‘t
302 723 342 766 an
365 700 448 766 bunc
470 723 565 785 porro
588 707 707 766 tactum
730 722 827 786 sapor
850 708 963 784 arguet
985 701 1069 778 oris,

158 837 199 880 an
223 815 429 880 confutabunt
451 835 544 879 nares
567 816 689 880 oculive
712 817 902 881 revincent?

158 952 221 995 non
235 982 242 1009 ‚
258 937 293 994 ut
315 931 447 1014 opinor,
463 931 508 994 ita
530 936 597 994 est.
614 915 689 994 nam
712 951 853 996 seorsum
879 931 991 1012 cuique
1013 936 1154 1014 potestas

81 1067 133 1114 400
159 1045 311 1128 divisast,
330 1066 388 1109 sua
409 1045 458 1110 vis
481 1044 643 1128 cuiquest,
660 1045 798 1128 ideoque
817 1065 949 1111 necesse
973 1052 1021 1111 cst

159 1169 190 1226 et
212 1161 297 1244 quod
318 1161 415 1225 molle
438 1161 478 1224 sit
501 1166 532 1224 et
553 1159 692 1243 gelidum
715 1161 882 1225 fervensve
905 1179 1048 1226 seorsum

160 1283 190 1342 et
213 1295 353 1341 seorsum
378 1273 484 1339 varios
506 1294 610 1338 rerum
634 1275 749 1340 sentire
772 1275 916 1360 colores,

160 1396 192 1455 et
214 1410 297 1472 quae
320 1407 454 1470 eumque
477 1388 627 1452 coloribu'
652 1390 715 1454 sint
736 1389 905 1454 coniuncta
927 1391 1052 1454 videre:

159 1525 286 1569 seorsus
309 1504 381 1566 item
406 1521 501 1586 sapor
524 1501 587 1566 oris
611 1502 708 1566 habet
728 1503 810 1587 vim,
829 1524 955 1568 seorsus
979 1503 1094 1568 odores

83 1640 134 1686 400
159 1624 353 1700 nascuntur,
370 1636 490 1682 sorsum
515 1617 656 1680 sonitus.
674 1617 810 1698 ideoque
833 1637 964 1683 necesse
987 1625 1035 1682 est

161 1753 225 1797 non
247 1732 372 1816 possint
393 1731 476 1794 alios
499 1730 553 1794 alii
577 1731 767 1796 convincere
788 1753 921 1796 sensus.

159 1869 219 1912 nec
240 1868 335 1931 porro
359 1849 507 1929 poterunt
528 1845 590 1928 ipsi
612 1845 846 1928 reprehendere
869 1868 960 1925 sese,

161 1982 265 2044 aequa.
287 1961 367 2025 rides
390 1960 538 2042 quoniam
561 1959 689 2024 debebit
712 1980 836 2045 semper
859 1962 989 2027 haberi.

160 2077 297 2160 proinde
321 2076 405 2158 quod
427 2074 460 2136 in
483 2080 643 2155 quoquest
657 2074 715 2138 “his
737 2077 839 2140 visum
862 2081 1025 2160 tempore,
1042 2066 1201 2142 verumst.

86 2213 136 2261 000
162 2199 193 2256 01
216 2192 242 2256 01
265 2211 329 2255 non
352 2191 470 2274 poterit
491 2188 572 2251 ratio
596 2187 771 2254 dissolvere
795 2211 947 2274 causam⁷

164 2326 220 2371 our
243 2326 282 2370 ea
305 2325 388 2387 quae
411 2305 529 2370 fuerint
550 2305 660 2368 iuxtim
684 2305 859 2386 quadrata,
875 2305 986 2389 procul
1010 2305 1073 2369 sint

160 2421 230 2486 visa
252 2419 411 2498 rutunda,
429 2426 535 2486 tamen
558 2425 698 2503 praestat
719 2420 852 2484 rationis
876 2427 1020 2504 egentem

160 2535 296 2600 reddere
318 2535 471 2600 mendose
496 2554 609 2600 causas
631 2535 794 2614 utriusque
818 2535 958 2618 figurae,

161 2669 256 2730 quam
281 2649 426 2713 manibus
450 2647 621 2712 manifesta
643 2648 709 2712 suis
732 2648 874 2713 emittere
898 2667 1059 2738 quoquam

88 2784 136 2830 000
163 2770 194 2828 01
216 2764 336 2828 violare
358 2763 453 2826 tidem
476 2763 610 2846 primam
634 2767 666 2828 et
688 2763 867 2827 convellere
889 2768 954 2826 tota

161 2877 370 2942 fundamenta
395 2877 509 2957 quibus
531 2877 657 2940 nixatur
677 2877 743 2942 vita
764 2878 936 2958 salusque.

161 3013 226 3056 non
250 2993 345 3056 modo
369 2992 452 3056 enim
476 2991 556 3055 ratio
579 2996 652 3054 ruat
674 2993 794 3074 omnis,
811 2993 875 3055 vita
899 3011 1025 3072 quoque
1049 2992 1119 3074 ipsa

164 3105 311 3170 concidat
333 3106 513 3188 extemplo,
530 3105 590 3169 nisi
614 3105 743 3168 credere
767 3105 912 3168 sensibus
934 3106 1040 3190 ausis,

161 3219 410 3303 praecipitisque
432 3217 521 3282 locos
544 3217 644 3282 vitare
668 3221 699 3280 et
721 3224 827 3282 cetera
850 3239 933 3299 quae
956 3219 1018 3283 sint

89 3352 138 3398 010
163 3333 196 3396 in
219 3353 336 3417 genere
359 3333 418 3396 hoc
440 3332 612 3416 fugienda,
630 3331 721 3412 sequi
743 3333 903 3396 contraria
926 3352 1009 3415 quae
1033 3333 1114 3397 sint.

163 3447 219 3510 illa
240 3447 296 3510 tibi
320 3453 367 3510 cst
387 3446 484 3530 igitur
506 3446 675 3510 verborum
700 3447 792 3530 copia
814 3467 906 3511 cassa

165 3561 286 3644 omnic,
304 3581 386 3642 quae
409 3567 518 3624 contra
541 3581 655 3626 sensus
677 3561 830 3645 instructa
852 3567 1015 3646 paratast.

163 3674 304 3755 denique
327 3675 414 3738 utin
436 3674 582 3752 fabrica,
600 3675 626 3739 si
648 3681 779 3758 pravast
801 3677 910 3759 regula
933 3677 1056 3759 prima,

163 3807 337 3868 normaque
361 3788 388 3853 si
410 3789 513 3852 fallax
535 3788 628 3852 rectis
651 3789 836 3871 regionibus
859 3789 945 3865 01111,

8 3911 10 3934 ³
91 3921 138 3968 010
164 3909 195 3967 01
215 3902 325 3966 libella
349 3901 459 3982 aliqua
481 3904 508 3966 si
530 3921 569 3967 ex
591 3902 673 3984 parti
696 3903 857 3966 claudicat
878 3902 996 3978 hilum,

165 4085 366 4092 -.---

167 4205 218 4252 486
237 4201 331 4265 poterit
351 4198 364 4270 Η
383 4205 431 4251 491
452 4202 548 4251 videri.
575 4199 588 4268 Η
613 4202 664 4250 493
683 4207 821 4248 necessest.
847 4197 861 4267 Η
885 4202 935 4250 495
954 4200 1097 4250 Nascantur
1121 4199 1133 4267 ΙΙ
1159 4204 1208 4250 490
1228 4218 1285 4265 [100-

167 4297 225 4337 sunt
244 4285 258 4354 Η
278 4289 329 4336 498
343 4289 432 4352 Aeque
454 4287 466 4358 ll
487 4291 538 4338 500
550 4288 644 4351 poteris
663 4284 676 4353 Η
698 4290 746 4335 501
766 4287 850 4336 iustim
864 4288 1012 4349 quadratum
1032 4285 1045 4354 ss
1066 4289 1255 4351 octogenum.
1271 4285 1284 4351 ΙΙ

169 4378 220 4424 514
239 4375 287 4424 sibi

1037 4470 1084 4539 9*
