3108 5034
284 323 327 388 34
837 320 851 383 Ι

286 496 428 566 constet,
452 511 493 554 an
515 491 703 554 immensum
725 494 835 572 pateat
856 493 1010 570 vasteque
1032 487 1247 571 profundum.

329 603 430 669 Omne
454 604 539 686 quod
563 609 612 668 est
634 603 730 686 igitur
751 603 840 668 nulla
861 604 994 684 regione
1015 603 1137 667 viarum

287 717 457 782 finitumst:
482 738 620 798 namque
644 723 819 782 extremum
842 717 981 782 debebat
1002 717 1142 782 habere:

141 835 148 847 “
212 851 261 897 999
287 837 462 896 extremum
484 853 578 916 porro
601 830 719 895 nullius
741 850 837 914 posse
859 830 985 896 videtur

287 965 378 1022 esse,
402 947 463 1011 nisi
485 945 569 1010 ultra
591 945 631 1011 sit
654 945 739 1027 quod
763 944 869 1022 liniat3
892 951 926 1010 ut
948 943 1093 1010 videatur

286 1085 348 1145 999
371 1083 436 1126 non
458 1059 584 1143 longius
607 1060 689 1124 haec
709 1047 823 1124 sensus
846 1064 1152 1152 natura'sequatur.

286 1197 370 1242 nunc
392 1182 482 1242 extra
505 1194 661 1239 summam
686 1173 838 1254 quoniam
860 1173 904 1236 nil
928 1193 998 1238 esse
1019 1172 1202 1256 fatendum,

284 1313 348 1356 non
371 1291 467 1355 babet
488 1269 683 1371 extremum,
707 1294 795 1353 99991
816 1308 892 1372 ergo
915 1289 977 1352 line
1000 1288 1180 1368 modoque.

211 1427 260 1474 999
287 1426 344 1470 999
366 1404 464 1470 refert
487 1405 602 1485 quibus
625 1403 765 1466 adsistas
787 1404 972 1488 regionibus
995 1403 1081 1468 eius:

284 1540 385 1602 usque
407 1519 507 1602 adeo,
532 1538 624 1598 quern
649 1518 782 1599 quisque
804 1519 908 1582 locum
930 1518 1093 1602 possedit,
1117 1519 1149 1581 in
1173 1519 1274 1582 omnis

287 1635 473 1698 tantundem
496 1633 596 1717 partis
618 1633 773 1696 inlinitum
797 1653 890 1698 omne
911 1633 1079 1714 relinquit.

286 1753 455 1831 praeterea
478 1748 503 1812 si
527 1748 590 1810 iarn
614 1747 733 1811 linitum
757 1749 979 1814 constituatur·
1093 1829 1098 1837 Ι

286 1883 379 1928 omne
403 1863 488 1944 quod
512 1869 559 1927 991
582 1861 737 1945 spatium,
762 1863 861 1944 siquis
884 1869 1049 1946 procurrat
1073 1862 1113 1926 ad
1136 1883 1210 1930 9999

211 1997 261 2044 999
286 1978 414 2042 ultimus
438 1983 595 2042 extremas
618 1977 778 2058 iaciatque
801 1976 930 2042 99191119
953 1977 1070 2060 telum,

285 2091 318 2155 id
340 2092 457 2156 validis
481 2099 584 2154 utrum
608 2097 785 2156 contortum
807 2091 926 2156 viribus
948 2091 995 2155 ire

287 2227 348 2286 qno
372 2206 468 2270 fuerit
489 2206 620 2272 missurn
643 2205 745 2269 mavis
768 2207 930 2290 longeque
950 2205 1078 2288 volare,

286 2341 328 2384 an
350 2320 520 2405 prohibere
543 2321 663 2402 aliquid
688 2339 800 2385 censes
824 2321 1013 2401 obstareque
1031 2320 1154 2404 posse?

287 2435 472 2500 alterutrum
497 2435 629 2499 fatearis
652 2435 736 2498 enirn
760 2455 932 2516 sumasque
953 2440 1134 2500 necessest.
1301 2475 1311 2502 .

211 2570 260 2615 999
287 2570 417 2630 quornm
442 2555 610 2630 utrumque
633 2550 690 2614 tibi
713 2551 864 2634 effugium
888 2549 1065 2634 praecludit
1087 2556 1118 2613 et
1141 2566 1234 2611 omne

286 2665 370 2746 cogit
392 2669 427 2728 ut
450 2673 598 2748 exempta
622 2665 782 2730 concedas
805 2666 867 2730 1199
889 2673 1023 2749 patere.

285 2799 359 2841 nam
383 2779 448 2843 9199
472 2787 520 2842 991
543 2779 656 2859 9119911
679 2778 765 2859 quod
788 2781 922 2861 probeat
944 2781 1127 2862 efficiatque

286 2913 348 2973 999
370 2891 465 2954 minu’
490 2911 551 2972 999
575 2893 704 2956 missurn
729 2898 776 2956 991
798 2895 906 2960 999191
927 2895 1045 2977 linique
1068 2895 1152 2957 19991
1174 2912 1230 2970 99,

287 3008 352 3071 9199
375 3006 463 3070 19999
486 3006 605 3084 fertur,
630 3029 692 3071 non
716 3013 765 3074 est
787 3030 807 3071 9
829 3009 891 3074 fine
912 3009 1109 3094 profectum.

211 3141 261 3187 999
286 3119 346 3185 hoo
369 3128 461 3205 pacto
486 3142 602 3204 999999
625 3128 742 3206 91999,
767 3145 839 3188 9999
863 3125 915 3188 ubi
940 3144 1073 3205 cumque
1096 3122 1213 3186 locaris

288 3243 465 3320 extremas,
491 3258 644 3318 quaeram
667 3237 745 3318 quid
766 3239 830 3303 1919
854 3238 992 3320 (1991999
1015 3237 1088 3300 liat.

285 3351 339 3414 fiet
360 3351 405 3413 uti
429 3371 585 3434 nusquam
607 3352 710 3435 possit
732 3353 905 3444 consistere
931 3353 1023 3434 linis,

287 3465 504 3546 effugiumque
528 3465 627 3549 fugae
647 3467 786 3549 prolatet
808 3467 901 3551 copia
924 3486 1069 3549 semper.

329 3579 499 3644 Praeterea
523 3581 659 3663 spatium
683 3582 817 3646 summai
840 3582 936 3646 totius
960 3598 1053 3645 omne

211 3712 260 3758 999
287 3691 428 3776 undique
449 3695 477 3758 91
500 3695 655 3760 inclusum
679 3697 772 3761 certis
797 3697 984 3760 consisteret
1011 3694 1076 3760 oris

286 3808 472 3891 {initumque
495 3809 598 3886 19991,
621 3809 685 3874 iam
708 3811 802 3895 copia
826 3810 973 3876 materiai

286 3922 426 4005 undique
448 3917 644 4008 ponderibus
668 3925 780 3992 solidis
804 3924 964 3990 confluxet
985 3923 1027 3988 ad
1048 3924 1165 4007 imum,

290 4193 338 4240 957
359 4193 481 4242 imensum
501 4190 515 4260 11
535 4195 584 4242 966
604 4209 709 4242 omnus.
737 4189 749 4260 11
777 4195 824 4240 911
846 4192 876 4240 In
902 4188 915 4260 11
941 4193 988 4240 981
1010 4193 1068 4242 fiet.
1090 4189 1103 4260 ΙΙ
1129 4191 1180 4238 984
1199 4185 1305 4235 seatium
1326 4182 1410 4253 11985

291 4279 402 4328 19919999
421 4280 434 4346 ΙΙ
456 4282 504 4330 987
525 4280 650 4329 confluxit
