3140 5032
693 416 735 481 Vl

151 591 272 656 sunrida
296 611 365 654 cunr
392 590 475 652 caeli
498 588 673 653 scintillare
697 589 805 652 omnia
828 591 948 674 templa

77 731 126 776 645
153 711 319 771 cernentes
342 704 459 786 pavida
483 703 687 786 complebant
708 709 839 786 pectora
862 725 957 780 cura,

153 819 231 902 quid
253 819 541 883 moliretur-rerum
567 824 678 881 natura
701 839 875 883 novarum.

192 935 287 998 Hisce
310 932 367 996 tibi
391 933 423 996 in
447 933 541 996 rebus
563 933 658 996 latest
680 933 810 1014 alteque
833 933 1005 997 videndum

153 1056 185 1114 55
209 1049 306 1129 longe
330 1055 460 1112 cunctas
482 1047 515 1109 in
538 1047 638 1130 partis
662 1045 917 1132 dispiciendum,

152 1169 187 1227 ut
209 1163 422 1227 reminiscaris
446 1183 602 1226 summam
627 1183 732 1226 rerum
756 1183 828 1227 5555
852 1163 1062 1246 profundam,

76 1300 127 1345 555
153 1286 183 1342 55
204 1277 316 1342 videas
340 1257 468 1341 eaelum
488 1277 622 1346 summai
645 1277 740 1341 totius
763 1297 862 1340 unurn

153 1413 245 1475 quam
270 1394 310 1456 sit
332 1391 467 1476 parvula
491 1411 566 1474 pars
589 1398 621 1456 55
644 1411 737 1472 quam
761 1391 942 1455 multesima
967 1401 1108 1466 constet,

153 1527 212 1572 555
234 1513 300 1571 5555
322 1528 420 1592 pars,
436 1506 531 1570 horno
554 1507 649 1570 terrai
675 1511 774 1586 quota
796 1507 893 1570 totius
918 1483 1020 1572 unus.

153 1623 238 1704 quod
262 1623 342 1686 bene
365 1621 563 1704 propositum
587 1621 612 1683 si
637 1622 733 1702 plane
757 1628 929 1685 contueare

151 1757 190 1802 ao
211 1737 325 1801 videas
347 1737 464 1820 plane,
481 1736 586 1799 mirari
613 1736 710 1798 multa
734 1733 916 1815 relinquen.

76 1871 126 1917 555
152 1852 300 1934 numquis
324 1852 406 1916 eninr
431 1859 571 1914 nostrum
595 1850 746 1932 miratur,
764 1849 865 1930 siquis
887 1849 918 1912 in
942 1856 1027 1915 55555

151 1967 274 2048 aceepit
296 1965 398 2030 calido
421 1966 535 2030 febrim
558 1964 682 2030 fervore
706 1972 847 2029 coortam

152 2086 207 2143 555
228 2080 325 2143 alium
349 2080 492 2161 quemvis
516 2080 618 2143 morbi
641 2098 698 2162 per
721 2081 861 2144 membra
885 2081 1058 2144 dolorem?

152 2195 345 2277 opturgescit
368 2194 452 2257 enirn
476 2193 580 2257 subito
603 2213 681 2276 pes,
699 2195 808 2277 arripit
830 2215 906 2259 acer

150 2327 249 2392 saepe
273 2308 365 2372 dolor
387 2309 519 2391 655555,
536 2309 647 2372 555155
668 2307 789 2372 invadit
812 2309 844 2371 in
867 2310 977 2392 ipsae,

76 2441 126 2487 555
151 2423 257 2486 existit
278 2443 368 2488 55555
391 2423 474 2507 ignis
497 2431 528 2487 55
550 2423 612 2486 urit
634 2443 768 2504 corpore
792 2443 924 2506 serpens

154 2556 245 2617 qnam
271 2557 402 2620 cumque
426 2539 560 2621 arripuit
583 2538 715 2620 partim,
732 2538 877 2620 repitque
898 2557 955 2622 per
978 2546 1084 2621 artns,

152 2651 183 2713 ni
208 2653 338 2730 mirum,
356 2654 431 2735 quia
453 2658 525 2718 sunt
547 2653 716 2716 multarum
741 2652 863 2716 semina
886 2673 1013 2736 rerum,

152 2771 183 2830 55
206 2767 284 2831 satis
307 2767 387 2832 haec
408 2769 504 2832 tellus
527 2767 597 2832 orbi
620 2767 808 2847 caelumque
831 2768 905 2830 mali
929 2767 1011 2850 fert,

150 2879 235 2945 unde
259 2887 356 2964 queat
378 2881 426 2946 vis
447 2882 593 2948 immensi
618 2901 821 2965 procrescere
845 2883 967 2947 morbi.

75 3014 126 3060 555
152 2993 314 3076 sicigitur
336 2996 393 3059 toti
417 2997 506 3061 eaelo
529 3003 695 3078 terraeque
709 2996 925 3080 putandumst

151 3128 190 3172 ex
212 3109 336 3174 infinito
360 3111 440 3174 satis
464 3112 569 3174 omnia
594 3110 820 3196 suppeditare,

151 3223 236 3288 unde
259 3232 392 3308 repente
415 3231 513 3306 queat
534 3225 629 3289 tellus
652 3245 810 3290 55555555
831 3224 950 3288 moveri

149 3359 269 3421 perque
292 3359 382 3404 mare
405 3359 445 3404 ao
467 3344 568 3404 terras
590 3340 724 3423 rapidus
746 3359 929 3425 percurrere
953 3339 1067 3413 turbo,

137 3438 234 3532 'ignis
257 3453 423 3518 abundare
445 3455 627 3531 Aetnaeus,
643 3453 859 3519 flammescere
882 3455 1027 3519 caelum:

73 3588 125 3635 555
150 3565 185 3630 id
208 3588 335 3650 quoque
359 3569 442 3634 eninr
465 3568 519 3652 fit,
538 3574 569 3632 et
592 3568 764 3633 ardescunt
787 3567 937 3632 caelestia
960 3568 1099 3652 templa,

151 3687 183 3747 55
204 3687 410 3767 tempestates
431 3683 561 3767 pluviae
584 3682 731 3766 graviore
753 3689 864 3748 coortu

150 3803 243 3874 sunt,
261 3797 315 3860 ubi
337 3796 419 3861 sorte
442 3797 488 3860 ita
510 3817 544 3862 55
566 3798 736 3862 5555155555
758 3796 879 3860 semina
901 3817 1077 3877 aquarum.

143 3907 194 3976 ‘at
216 3911 309 3976 nimis
332 3919 380 3976 555
401 3912 516 3992 ingens
537 3911 666 3977 incendi
690 3909 835 3974 turbidus
858 3905 978 3974 ardor?
1155 3893 1158 3900 ’

147 4026 289 4105 scilicet,
306 4033 338 4092 55
358 4025 472 4092 fluvius
495 4027 600 4108 quiris
623 4032 672 4092 555
693 4023 851 4099 maxim·
875 4023 904 4086 ei

151 4197 352 4206 ——.-.-—

154 4301 202 4346 648
216 4301 423 4364 despiciendum.
440 4297 452 4367 Η
473 4302 523 4349 653
537 4298 681 4362 propositus
702 4294 714 4363 Η
734 4296 804 4359 plani
826 4294 838 4364 ΙΙ
860 4299 910 4346 658
924 4295 1084 4346 Obtureescit
1103 4291 1117 4362 Η
1138 4297 1188 4343 662
1202 4294 1244 4356 qui
1259 4291 1272 4363 Η

153 4388 203 4437 663
223 4389 304 4436 morbi
326 4385 339 4456 {l
361 4391 410 4439 667
431 4403 555 4440 concusso
577 4393 589 4454 ll
611 4389 662 4436 674
681 4385 724 4450 qui
744 4385 811 4434 visus

1010 4477 1074 4552 15*
