3140 5032
290 411 351 476 182
837 401 862 464 V

287 580 448 640 menstrua
471 573 545 637 dum
567 568 689 654 rigidas
712 571 785 636 eoni
807 571 982 655 perlabitur
1004 572 1156 654 umbres3

214 709 262 757 ree
288 695 429 770 tempore
451 685 564 750 eodem
587 684 665 748 aliut
685 690 825 766 nequeat
846 703 1029 750 sueeurrere
1053 685 1151 750 lunae

290 821 404 884 eorpus
425 798 477 863 vel
499 818 595 880 supra
617 796 695 861 solis
718 795 881 879 perlabier
904 799 1034 882 orbem,

289 912 375 996 quod
398 911 505 976 radios
527 910 608 976 inter
631 916 755 993 rumpat
776 909 946 991 lumenque
970 911 1166 993 profusum?

291 1032 451 1092 ettamen
474 1025 544 1108 ipsa
572 1043 628 1088 suo
653 1025 679 1088 si
702 1023 798 1104 fulgit
820 1021 896 1085 luna
920 1023 1040 1098 nitore,

290 1161 345 1205 eur
367 1144 504 1220 nequeat
526 1145 611 1202 eerta
634 1137 744 1201 muudi
766 1137 975 1218 languescere
998 1145 1110 1221 parte,

217 1276 266 1321 rro
291 1254 365 1316 dum
386 1252 460 1330 ‚loea
484 1251 655 1314 luminibus
677 1251 815 1334 propriis
838 1251 967 1314 inimica
990 1251 1162 1334 perexit?

218 1387 266 1432 rm
335 1365 427 1441 Quod
450 1383 545 1447 super
569 1369 636 1446 est,
654 1363 806 1444 quoniam
831 1365 938 1448 magni
961 1386 1019 1448 per
1041 1365 1170 1430 eaerula
1193 1366 1301 1430 mundi

292 1498 355 1560 qua
377 1476 446 1542 fieri
469 1476 617 1558 quiequid
641 1483 751 1560 posset
772 1478 895 1542 ratione
919 1481 1057 1557 resolvi,

292 1592 369 1656 solis
392 1591 438 1654 uti
461 1590 568 1654 varios
591 1610 703 1655 aursus
725 1591 887 1673 lunaeque
910 1601 1036 1660 meatus

219 1726 267 1772 rra
293 1724 425 1770 noscere
448 1723 616 1787 possemus
640 1724 720 1784 quae
743 1706 791 1770 vis
815 1712 847 1770 et
870 1727 965 1772 eausa
988 1708 1105 1792 aieret,

294 1838 398 1901 quove
421 1817 516 1882 modo
539 1818 808 1901 possent-offecto
831 1820 951 1886 lumine
974 1823 1063 1888 obire

294 1941 325 1998 et
348 1951 451 2014 neque
474 1932 636 2014 opinantis
657 1933 798 1998 tenebris
820 1933 980 2000 obducere
1003 1943 1126 2020 terras,

294 2069 365 2112 eum
388 2046 481 2128 quasi
504 2045 652 2110 eonivent
674 2053 706 2111 et
728 2054 839 2131 aperto
863 2048 982 2116 lumine
1006 2070 1130 2116 rursum

294 2161 401 2228 omnia
425 2162 591 2226 ooudsunt
612 2163 700 2228 olera
724 2163 796 2227 loea
818 2164 957 2228 eandida
980 2165 1069 2248 luee,

221 2301 270 2349 rao
295 2298 379 2342 nune
401 2276 497 2342 redeo
520 2276 562 2341 ad
586 2277 695 2341 mundi
718 2279 892 2344 novitatem
915 2285 947 2344 et
968 2279 1077 2344 mollia
1099 2285 1203 2346 terrae

294 2413 390 2474 arva,
407 2413 489 2456 novo
513 2391 580 2455 fetu
604 2391 680 2472 quid
703 2392 837 2475 primum
862 2393 894 2456 in
917 2393 1045 2458 luminis
1068 2413 1143 2458 oras

294 2507 405 2573 tollere
428 2513 459 2570 et
480 2505 609 2572 ineertis
632 2505 747 2570 ererint
770 2506 966 2572 committere
988 2507 1113 2572 ventis.

332 2619 492 2704 Prineipio
516 2639 618 2702 genus
640 2619 809 2684 herbarum
833 2619 1031 2702 viridemque
1052 2621 1187 2688 nitorem
1241 2635 1245 2644 '

294 2743 381 2800 terra
405 2735 492 2799 dedit
515 2734 632 2799 eireum
655 2734 747 2800 oollis
770 2753 965 2818 eamposque
988 2755 1045 2818 per
1067 2736 1191 2812 omnis,

222 2873 270 2919 rae
294 2849 409 2916 florida
431 2848 585 2913 fulserunt
606 2848 756 2914 viridanti
779 2857 873 2932 prata
896 2849 1023 2932 eolore,

295 2963 526 3045 arboribusque
549 2965 687 3028 datumst
708 2962 805 3028 variis
828 2963 944 3030 exinde
966 2983 1024 3047 per
1044 2984 1144 3030 auras

294 3079 459 3144 ereseendi
482 3098 632 3158 magnum
654 3077 796 3142 inmissis
819 3084 979 3144 eertamen
1002 3079 1156 3146 habenis.

295 3199 330 3256 ut
350 3193 461 3276 pluma
483 3198 577 3273 atque
600 3192 657 3276 pili
679 3192 814 3276 primum
837 3200 1011 3275 saetaeque
1033 3201 1182 3260 ornantur

296 3306 529 3391 quadripedum
551 3307 702 3372 membris
726 3313 758 3372 et
780 3327 913 3391 eorpore
936 3309 1216 3391 pennipotentum,

222 3443 270 3489 rso
297 3423 342 3487 sie
365 3429 535 3486 novatum
558 3421 653 3485 tellus
674 3421 792 3486 herbas
813 3422 1013 3503 virgultaque
1035 3422 1170 3505 primurn

295 3535 439 3616 sustulit,
455 3535 530 3600 inde
553 3535 615 3598 loei
638 3535 785 3600 mortalia
809 3537 915 3600 saecla
938 3536 1057 3601 ereavit

297 3648 394 3712 multa
416 3647 519 3712 modis
542 3648 649 3712 multis
670 3648 761 3714 varia
782 3650 905 3714 ratione
927 3655 1055 3714 eoorta.

296 3783 372 3827 nam
393 3781 498 3842 neque
520 3761 561 3826 de
583 3762 674 3828 eaelo
697 3763 851 3828 eeeidisse
874 3763 1026 3829 animalia
1049 3771 1202 3848 possunt,

295 3896 357 3942 nee
379 3876 540 3942 terrestria
563 3875 604 3942 de
625 3876 720 3942 salsis
743 3877 848 3944 exisse
870 3877 1013 3944 laeunis:

224 4008 272 4055 res
297 3989 447 4070 linquitur
469 3996 503 4055 ut
524 3990 639 4057 merite
662 3997 837 4056 maternum
860 4011 977 4057 nomen
999 3990 1117 4076 adepta

301 4268 352 4314 764
369 4266 507 4330 perlabitur
527 4264 540 4333 Η
562 4271 611 4318 768
630 4269 712 4331 fulget
731 4264 744 4334 Η
767 4271 930 4322 7715764.
952 4265 964 4333 Η
987 4272 1036 4319 776
1055 4277 1157 4333 possent
1171 4269 1310 4321 omasum.
1331 4269 1344 4340 Η
1367 4275 1416 4327 782

301 4351 414 4402 Tolleret
434 4351 447 4423 Η
467 4354 573 4404 erodunt
592 4351 605 4423 Η
628 4357 677 4404 784
696 4369 848 4422 campusque
870 4351 882 4422 Η
905 4357 953 4406 790
972 4356 1128 4422 vilgultaque
