3140 5036
307 407 367 472 158
850 401 878 465 V

303 593 365 653 quo
388 571 490 652 magis
512 571 562 635 hic
584 573 696 634 merito
719 572 812 636 nobis
836 573 916 636 deus
938 591 1010 636 esse
1031 573 1177 656 videtur,

246 707 279 753 ao
303 706 343 752 ex
366 707 428 767 quo
452 706 535 750 nuno
559 686 654 750 etiam
678 705 735 768 per
757 706 892 768 magnas
915 686 1015 751 didita
1037 687 1141 770 gentis

257 776 265 792 ⁵
305 801 411 866 dulcia
433 801 629 883 permulcent
651 800 775 865 animos
798 802 920 866 solacia
941 801 1047 866 vitae.

303 916 447 982 Herculis
470 917 623 982 antistare
646 921 753 979 autem
776 916 804 979 si
826 916 913 982 facta
935 917 1083 1000 putabis,

242 1053 246 1061 ·
302 1032 429 1114 longius
452 1054 470 1096 a
492 1051 570 1096 vera
592 1030 688 1095 multo
713 1031 837 1095 ratione
859 1031 981 1096 ferere.

303 1147 379 1228 quid
401 1147 581 1211 Nemeaeus
604 1145 687 1210 enim
711 1146 803 1210 nobis
826 1167 909 1212 nunc
931 1167 1068 1228 magnus
1089 1145 1195 1210 hiatus

245 1281 276 1328 25
302 1261 357 1325 ille
378 1261 482 1326 leonis
505 1261 632 1325 obesset
654 1266 686 1324 et
708 1261 841 1326 horrens
865 1261 1020 1326 Arcadius
1044 1259 1127 1326 sus?

301 1376 438 1456 denique
462 1375 539 1457 quid
563 1375 679 1440 Cretae
702 1382 812 1441 taurus
834 1379 1043 1460 Lernaeaque
1066 1376 1165 1461 pestis

301 1493 405 1578 hydra
426 1491 591 1557 venenatis
613 1498 722 1575 posset
744 1493 865 1556 vallata
888 1493 1055 1558 colubris?

303 1607 418 1689 quidve
441 1607 609 1690 tripectora
632 1613 679 1670 ter
702 1607 820 1687 gemini
843 1608 891 1671 vis
915 1609 1079 1691 Geryonai

301 1728 333 1786 et
355 1722 520 1786 Diomedis
543 1722 616 1803 equi
639 1721 795 1805 spirantes
818 1722 950 1787 naribus
972 1722 1103 1803 ignem,

245 1857 276 1903 31
302 1837 463 1901 Thracam
487 1837 708 1918 Bistoniasque
731 1837 846 1920 plagas
869 1842 964 1917 atque
986 1838 1108 1901 Ismara
1131 1843 1280 1922 propter,

245 1973 277 2018 ao
302 1958 390 2015 tanto
414 1971 511 2034 opere
535 1951 718 2026 officerent,
735 1957 766 2014 et
789 1971 866 2016 aves
889 1951 1080 2035 Stymphala
1103 1952 1273 2018 colentes?

148 2150 151 2160 Α
246 2087 277 2132 aa
304 2085 463 2148 aureaque
486 2065 698 2150 Hesperidum
723 2085 856 2130 servans
879 2067 1034 2150 fulgentia
1056 2069 1164 2152 mala,

304 2201 418 2264 asper,
435 2182 552 2245 acerba
575 2189 688 2261 tuens,
705 2181 837 2245 immani
860 2193 994 2265 corpore
1017 2202 1150 2266 serpens

303 2296 427 2360 arboris
450 2297 616 2378 amplexus
639 2296 771 2378 stirpem
795 2296 871 2376 quid
894 2297 1032 2377 denique
1056 2298 1185 2362 obesset

245 2430 277 2478 35
302 2416 431 2494 propter
453 2412 637 2474 Atlanteum
660 2411 735 2474 litus
757 2411 938 2493 pelagoque
961 2431 1099 2494 sonora,

303 2545 365 2606 quo
390 2543 492 2604 neque
515 2529 623 2588 noster
645 2525 714 2589 adit
737 2525 905 2607 quisquam
928 2544 987 2590 neo
1011 2526 1167 2590 barbarus
1190 2525 1315 2591 audet?

304 2644 410 2704 cetera
433 2637 473 2702 de
495 2658 612 2721 genere
636 2639 696 2706 hoo
719 2661 804 2723 quae
827 2646 899 2705 sunt
922 2646 1070 2724 portenta
1093 2646 1280 2724 perempta,

305 2755 351 2819 sei
373 2773 437 2818 non
460 2754 543 2818 vieta
566 2755 687 2838 forent,
705 2757 780 2838 qnid
804 2754 932 2820 tandem
956 2755 1030 2820 viva
1052 2755 1232 2819 nocerent?

303 2868 368 2942 nil,
386 2874 419 2932 ut
442 2868 575 2952 opinor:
592 2869 636 2931 ita
659 2868 702 2932 ad
725 2870 873 2933 satiatem
896 2876 979 2932 terra
1002 2870 1138 2932 ferarum

245 3005 278 3050 ao
303 2981 503 3047 nuncetiam
527 2983 618 3046 scatit
640 2989 671 3047 et
693 2981 817 3068 trepido
841 2989 960 3047 terrore
984 2983 1106 3066 repleta
1128 2990 1177 3048 est

303 3119 362 3182 per
383 3117 516 3161 nemora
538 3117 577 3161 ac
600 3103 725 3162 montes
747 3117 885 3178 magnos
909 3098 1069 3179 silvasque
1091 3097 1287 3182 profundas3

305 3231 386 3294 quae
410 3213 481 3275 loca
503 3212 624 3276 vitandi
646 3213 832 3296 plerumque
855 3218 903 3277 est
925 3219 1034 3278 nostra
1056 3218 1219 3295 potestas.

195 3360 196 3363 ¹
303 3335 337 3392 at
359 3327 420 3392 nisi
443 3334 644 3410 purgatumst
666 3334 797 3411 pectus,
815 3347 897 3408 quae
919 3327 1044 3410 proelia
1067 3327 1160 3391 nobis

303 3448 399 3522 atque
421 3442 564 3525 pericula
586 3448 683 3505 tumst
705 3441 840 3522 ingratis
863 3440 1109 3506 insinuandum!

247 3574 279 3620 45
306 3561 446 3636 quantae
469 3562 534 3620 tum
559 3555 707 3620 scindunt
727 3555 886 3619 hominem
912 3552 1099 3638 cuppedinis
1122 3573 1212 3618 acres

303 3669 473 3734 sollicitum
497 3690 615 3748 curae,
633 3671 809 3751 quantique
832 3640 977 3751 perinde
988 3667 1138 3732 timores!

304 3785 420 3865 quidve
444 3785 593 3868 superbia
617 3782 770 3867 spurcitia
793 3801 832 3844 ao
854 3782 1059 3865 petulantia?
1075 3791 1214 3863 quantas

305 3898 446 3964 efficiunt
468 3899 596 3963 clades!
614 3897 690 3980 quid
712 3896 806 3960 luxus
830 3895 1065 3977 desidiaeque?

302 4013 381 4079 haec
403 4013 498 4097 igitur
521 4013 574 4094 qui
597 4018 711 4077 cuncta
734 4011 898 4107 subegerit
920 4030 960 4076 ex
982 4011 1153 4106 animoque

310 4286 340 4333 31
356 4284 469 4336 Thracia
488 4283 501 4353 ΙΙ
523 4287 555 4334 30
568 4285 642 4334 nobis
655 4284 785 4348 tymphala
799 4281 811 4352 ll
827 4287 859 4334 33
873 4285 981 4333 acerban
1002 4280 1015 4351 Η
1036 4285 1069 4331 34
1082 4281 1171 4344 stirpes
1190 4277 1204 4347 Η
1226 4283 1258 4329 35
1272 4283 1400 4331 atianeum
1413 4281 1427 4352 ll

309 4374 444 4438 pelagique
462 4387 563 4423 severa.
585 4368 599 4439 ΙΙ
620 4373 651 4421 38
668 4371 717 4420 Sed
738 4370 750 4439 ΙΙ
770 4373 856 4422 vincta
874 4367 888 4440 ΙΙ
908 4375 942 4419 44
961 4379 1019 4420 sunt
1039 4367 1051 4436 Η
1072 4371 1104 4418 45
1125 4368 1278 4431 cuppedines
