3140 5032
695 417 738 482 Vl

154 592 275 657 fumida
299 612 368 655 cum
395 591 477 654 caeli
501 589 676 654 scintillare
700 590 808 653 omnia
831 593 951 675 templa

79 732 129 778 645
155 713 322 773 cernentes
345 705 462 788 pavida
486 704 690 788 complebant
711 710 842 787 pectora
865 727 960 781 eura,

156 821 234 904 quid
256 820 420 884 moliretur
442 839 544 882 rerum
569 825 681 883 natura
704 840 878 884 novarum.

195 936 291 999 Hisce
313 934 370 998 tibi
394 935 426 996 in
449 935 544 998 rebus
567 934 661 998 latest
683 935 813 1016 alteque
836 935 1007 999 videndum

156 1058 188 1115 66
212 1051 308 1131 longe
332 1057 463 1113 cunctas
486 1049 518 1111 in
541 1048 641 1132 partis
665 1047 920 1133 dispiciendum,

155 1171 190 1228 nl
211 1164 425 1228 reminiscaris
449 1184 605 1228 summam
629 1185 734 1228 rerum
759 1183 831 1229 esse
855 1165 1065 1248 profundam,

79 1301 130 1347 656
156 1287 186 1344 et
207 1279 319 1344 videas
343 1258 471 1342 caelum
491 1279 626 1342 summai
648 1278 743 1342 666666
766 1299 864 1342 unum

156 1415 248 1476 quam
273 1395 313 1458 666
335 1393 470 1478 parvula
494 1413 569 1476 pars
592 1400 624 1457 et
647 1413 740 1473 quarn
764 1393 945 1457 multesima
970 1403 1111 1468 constet,

156 1529 215 1573 nec
237 1515 304 1572 6666
325 1528 423 1593 6666,
439 1507 534 1571 horno
557 1508 652 1572 terrai
678 1512 777 1587 quota
799 1508 896 1571 totius
920 1485 1023 1573 unus.

156 1624 241 1706 quod
265 1624 345 1687 bene
368 1622 566 1705 propositum
589 1622 615 1684 si
640 1623 736 1703 plane
760 1629 932 1686 contueare

154 1759 193 1803 ac
214 1739 328 1802 videas
350 1738 467 1822 plane,
484 1737 589 1800 mirari
615 1737 713 1799 multa
737 1735 919 1816 relinquas.

1 1911 2 1930 ,
78 1873 129 1918 655
155 1853 303 1935 numquis
327 1853 409 1918 eninr
434 1859 574 1916 nostrum
597 1851 749 1933 miratur,
767 1849 868 1932 siquis
890 1850 921 1912 in
945 1857 1031 1916 artus

154 1968 277 2050 aceepit
299 1967 401 2030 calido
424 1967 537 2031 febrim
561 1965 685 2030 fervore
708 1972 849 2030 coortam

155 2087 209 2144 aut
231 2081 329 2144 alium
352 2081 495 2162 quemvis
519 2081 621 2144 morbi
644 2099 701 2163 per
724 2083 864 2145 membra
888 2082 1060 2146 dolorem?

155 2197 348 2278 opturgescit
371 2195 455 2258 enim
479 2194 583 2258 subito
606 2214 685 2278 pes,
702 2195 812 2278 arripit
833 2215 909 2260 acer

153 2329 252 2393 saepe
276 2309 368 2373 dolor
390 2311 522 2392 dentes,
539 2311 650 2374 oculos
672 2307 793 2373 invadit
815 2311 847 2372 in
870 2311 980 2393 ipsos,

1 2507 2 2516 ἵ
79 2442 129 2488 666
155 2425 260 2488 existit
281 2444 371 2488 sacer
394 2425 476 2508 ignis
500 2432 531 2488 et
552 2425 615 2487 urit
637 2443 771 2506 corpore
795 2445 927 2507 serpens

1 2525 2 2530 ¹
157 2557 248 2618 quam
274 2559 405 2620 cumque
428 2540 563 2623 arripuit
585 2539 718 2622 partim,
735 2539 880 2621 repitque
901 2559 958 2622 per
981 2547 1087 2622 artus,

155 2651 187 2714 ni
212 2654 341 2731 mirum,
359 2655 434 2736 quia
456 2660 528 2719 sunt
550 2654 719 2717 multarum
744 2653 866 2718 semina
889 2675 1016 2738 rerum,

155 2773 186 2832 et
209 2768 287 2832 satis
310 2767 390 2834 haec
411 2769 506 2833 tellus
530 2769 600 2834 orbi
623 2767 811 2849 caelumque
834 2769 908 2832 mali
932 2768 1014 2852 6666,

152 2880 237 2946 unde
262 2888 359 2964 queat
381 2883 429 2947 vis
450 2883 596 2949 immensi
620 2903 824 2966 procrescere
848 2883 970 2948 morbi.

77 3015 129 3062 666
154 2995 317 3077 sicigitur
339 2997 396 3060 6666
420 2997 509 3062 66616
532 3005 698 3079 terraeque
720 2997 928 3082 putandumst

154 3129 192 3173 ex
215 3109 339 3175 infinito
363 3112 443 3175 satis
467 3113 572 3176 onmia
596 3111 823 3197 suppeditare,

154 3224 239 3290 unde
262 3233 394 3309 repente
418 3231 516 3307 queat
537 3225 632 3290 tellus
655 3247 812 3292 concussa
834 3225 953 3290 moveri

152 3360 272 3423 perque
295 3359 385 3404 mare
408 3361 448 3404 ac
470 3345 570 3405 terras
592 3341 727 3424 rapidus
748 3360 932 3426 percurrere
956 3341 1070 3414 turbe,

139 3439 237 3534 'ignis
260 3454 426 3519 abundare
448 3455 609 3520 Aetnaeus
623 3507 630 3532 ‚
646 3455 862 3520 flammescere
885 3457 1030 3520 caelum:

73 3589 128 3637 666
153 3567 188 3632 id
211 3589 338 3652 quoque
362 3570 445 3634 enirn
468 3569 522 3654 fit,
541 3575 572 3634 et
595 3569 767 3634 ardescunt
790 3568 940 3634 caelestia
963 3569 1101 3653 templa,

153 3689 186 3748 66
207 3689 412 3768 tempestates
434 3684 563 3768 pluviae
587 3683 734 3766 graviore
756 3691 867 3750 coortu

152 3804 246 3876 sunt,
263 3799 317 3862 nbi
340 3797 422 3863 forte
445 3798 491 3861 ita
513 3817 547 3863 se
569 3799 739 3864 tetulerunt
761 3797 882 3862 semina
903 3819 1080 3878 aquarum.

146 3908 196 3978 ‘at
218 3912 312 3978 nimis
335 3920 383 3978 est
404 3913 519 3994 ingens
540 3913 669 3978 incendi
693 3910 838 3976 turbidus
861 3907 980 3976 ardor.³
1158 3895 1161 3900 ¹

150 4027 292 4106 scilicet,
308 4033 340 4092 et
361 4026 475 4093 fluvius
498 4027 603 4110 quivis
626 4033 675 4092 cst
696 4024 854 4100 maxim·
877 4024 907 4087 ei

157 4302 205 4348 648
218 4302 426 4365 despiciendum.
442 4299 455 4369 Η
476 4303 526 4350 653
540 4299 684 4363 6666666666
705 4295 717 4364 ΙΙ
737 4297 807 4360 plani
829 4295 841 4365 Η
863 4300 913 4347 668
927 4296 1087 4347 Obturcescit
1106 4292 1119 4363 Η
1141 4297 1190 4344 662
1204 4295 1246 4357 qui
1262 4292 1275 4365 Η

156 4389 206 4438 663
226 4390 307 4438 morbi
328 4387 342 4457 Η
363 4392 412 4440 cst
434 4404 558 4441 concusso
580 4393 592 4455 66
614 4390 665 4437 ert
684 4387 727 4451 qui
747 4387 814 4435 visus

1013 4477 1077 4553 rb*
