3140 5036
701 389 758 454 1111

169 561 221 627 liet
242 563 308 640 ita,
325 568 399 628 ante
423 563 533 628 oculus
555 561 651 627 scierit
674 562 726 644 qui
749 561 880 646 dexter,
896 567 930 626 ut
951 562 1036 627 idem

101 696 145 744 333
169 698 253 744 nunc
271 679 315 743 sit
337 679 467 762 laevus,
484 683 515 742 et
537 697 555 742 e
576 677 671 743 laevo
695 677 735 741 sit
757 682 865 741 mutua
888 677 1020 742 dexter.

167 792 201 856 fit
223 813 350 876 quoque
372 792 413 858 de
436 793 566 878 speculo
587 792 622 856 in
644 792 809 877 speculum
832 797 867 855 ut
887 792 1031 857 tradatur
1053 794 1179 878 imago,

169 907 309 990 quinque
332 908 427 974 etiam
450 915 506 973 aut
526 928 585 974 sex
607 913 641 971 ut
661 907 729 973 fieri
753 908 924 973 simulacra
947 909 1086 974 suerint.

168 1043 241 1087 nam
266 1043 347 1104 quae
369 1042 505 1104 cumque
527 1029 611 1087 retro
635 1030 724 1107 parte
747 1023 897 1087 interiore
921 1022 1084 1106 latebunt,

165 1138 242 1202 inde
266 1144 393 1214 tamen,
410 1137 555 1219 quamvis
577 1143 657 1202 torte
679 1137 868 1220 penitusque
891 1142 1032 1213 remota,

96 1271 142 1318 333
167 1253 274 1317 omnia
295 1271 353 1335 per
374 1251 477 1315 flexos
499 1251 604 1315 aditus
627 1251 742 1316 educta
765 1251 870 1316 licebit

166 1366 313 1449 pluribus
335 1365 418 1431 haec
440 1367 580 1450 speculis
603 1367 771 1431 videantur
792 1365 826 1428 in
849 1366 985 1430 aedibus
1008 1387 1098 1432 esse.

167 1502 270 1566 usque
293 1485 376 1549 adeo
399 1484 530 1568 speculo
553 1483 585 1546 in
608 1481 772 1566 speculum
794 1481 971 1546 translucet
993 1482 1100 1564 imago
1114 1477 1125 1562 ,'

167 1605 198 1663 et
221 1619 292 1664 cum
315 1599 409 1665 laeva
432 1601 508 1663 data
531 1605 599 1675 est,
615 1597 649 1660 lit
672 1618 778 1662 rusum
803 1604 837 1661 ut
858 1597 990 1662 dextera
1011 1597 1084 1681 fiat,

163 1714 241 1778 inde
265 1721 347 1780 retro
370 1733 494 1778 rursum
518 1712 601 1778 redit
624 1719 655 1779 et
678 1714 871 1778 convertitur
895 1713 1028 1779 eodem.

95 1847 139 1896 333
164 1829 241 1912 quin
266 1829 361 1895 etiam
385 1848 468 1910 quae
491 1847 625 1909 cumque
647 1827 808 1892 latuscula
830 1833 903 1893 sunt
925 1829 1126 1913 speculorum
1158 1876 1163 1886 s

163 1943 307 2009 adsimili
330 1943 442 2008 lateris
465 1943 586 2008 flexura
608 1942 754 2027 praedita
776 1946 897 2022 nostri,

136 2060 298 2124 ,dextera
321 2079 359 2123 33
380 2065 511 2142 propter
533 2059 627 2124 nobis
649 2059 821 2123 simulacra
843 2060 1026 2138 remittunt,

163 2180 218 2238 aut
242 2174 317 2256 quia
340 2174 380 2238 de
403 2173 533 2257 speculo
556 2173 590 2243 in
612 2173 776 2255 speculum
799 2173 987 2238 transfertur
1008 2176 1138 2260 imago,

162 2289 241 2353 inde
263 2289 305 2352 ad
327 2308 387 2353 nos
410 2287 490 2352 elisa
512 2287 562 2351 bis
584 2287 733 2365 advolat,
749 2294 804 2351 aut
827 2289 919 2351 etiam
943 2289 1028 2370 quod

92 2423 139 2470 343
163 2404 283 2469 circum
306 2403 432 2485 agitur,
449 2423 521 2468 cum
543 2402 648 2486 venit,
664 2402 771 2487 imago
794 2409 966 2487 propterea
987 2404 1073 2487 quod

161 2517 247 2584 flexa
269 2517 373 2599 figura
396 2517 491 2582 docet
514 2518 634 2601 speculi
658 2517 834 2583 convertier
856 2519 897 2582 ad
920 2539 998 2583 nos.

162 2632 334 2714 indugredi
358 2653 453 2716 porro
476 2631 595 2715 pariter
618 2632 790 2696 simulacra
812 2633 991 2715 pedemque

161 2767 287 2831 ponere
310 2748 475 2812 nobiscum
499 2746 611 2812 credas
633 2751 822 2829 gestumque
846 2748 960 2811 imitari

161 2867 336 2946 propterea
359 2863 455 2943 quia,
472 2861 512 2927 de
536 2862 655 2951 speculi
680 2883 742 2943 qua
764 2868 854 2946 parte
877 2862 1031 2946 recedas,

90 2993 137 3042 343
163 2977 315 3041 continuo
338 2981 500 3058 nequeunt
521 2975 609 3039 illinc
632 2977 801 3040 simulacra
820 2979 956 3061 reverti,

167 3090 279 3156 omnia
302 3081 559 3171 quandoquidem
584 3091 668 3174 cogit
690 3081 803 3154 natura
825 3090 937 3155 referri

163 3226 202 3290 ac
226 3205 349 3269 resilire
373 3204 415 3268 ab
438 3205 534 3268 rebus
557 3205 600 3268 ad
621 3224 743 3285 aequos
766 3204 892 3268 reddita
913 3205 1034 3271 flexus.

90 3339 137 3387 aaa
206 3318 385 3403 Splendida
408 3340 501 3402 porro
526 3321 608 3384 oculi
632 3319 771 3400 fugitant
793 3320 957 3402 vitantque
980 3324 1079 3387 tueri:

161 3435 212 3500 sol
235 3434 331 3498 etiam
355 3440 483 3518 caecat,
501 3442 611 3500 eontra
633 3436 659 3500 si
681 3436 811 3500 tendere
834 3428 973 3520 pergas,

160 3552 334 3632 propterea
356 3549 432 3630 quia
454 3549 502 3614 vis
525 3551 816 3636 magnast'ipsius,
833 3559 864 3615 et
886 3553 951 3618 alte

162 3672 238 3729 ae‘ra
260 3683 319 3748 per
340 3684 453 3747 purum
477 3665 616 3748 graviter
638 3666 811 3731 simulacra
832 3665 979 3732 feruntur

162 3783 195 3843 et
217 3779 333 3843 seriunt
355 3778 484 3862 oculos,
501 3781 661 3845 turbantia
684 3782 935 3865 composituras.

160 3897 332 3974 praeterea
354 3891 505 3975 splendor
528 3893 582 3973 qui
605 3912 740 3975 cumque
763 3902 811 3959 est
833 3915 907 3958 acer
929 3895 1034 3958 adurit

89 4019 138 4069 333
162 4024 262 4090 saepe
285 4006 396 4071 oculos
418 4004 491 4069 ideo
515 4006 602 4088 quod
625 4009 747 4071 semina
768 4008 913 4090 possidet
934 4008 1018 4090 ignis

166 4272 217 4320 824
236 4270 294 4320 niet
311 4277 340 4319 ut
363 4267 377 4340 ΙΙ
404 4273 453 4320 327
473 4279 518 4320 aut
535 4272 674 4322 oratiarum⁴
700 4269 714 4342 Η
738 4274 788 4322 328
808 4272 914 4322 latebit.
938 4271 952 4340 ll
978 4275 1029 4324 334
1048 4277 1172 4326 convertit
1194 4275 1207 4346 11
1233 4282 1282 4330 341

166 4358 260 4407 Flexea
280 4356 294 4425 Η
314 4361 365 4408 304
384 4367 453 4408 tacer
471 4359 583 4408 ardurit.
