3108 5034
125 555 286 639 sicigitur
309 555 427 620 debent
448 555 596 617 flammae
620 573 746 635 quoque
768 571 866 636 posse
888 573 946 637 per
969 573 1064 618 auras

124 671 205 734 aeris
228 689 400 753 expressae
423 687 547 733 sursum
571 668 762 750 0000001000,
787 687 981 748 quamquam

6 786 15 880 ξ’
48 803 99 850 205
124 784 289 867 pondera,
314 789 465 864 quantum
490 780 594 845 estin
617 799 672 855 se,
696 779 845 844 deorsum
867 780 982 846 ducere
1004 789 1167 866 pugnent.

6 887 15 1004 J·
124 905 362 978 nocturnasque
384 897 473 960 laces
496 895 598 976 caeli,
623 894 757 958 sublime
779 895 937 978 volantis,

6 1025 18 1102 1,
123 1032 230 1077 00000
252 1011 343 1082 vides
365 1011 479 1094 longos
501 1009 703 1072 flammarum
726 1007 842 1072 ducere
865 1015 983 1074 tractus

6 1143 14 1234 g
125 1127 157 1189 in
182 1145 263 1207 quas
286 1145 421 1206 cumque
443 1123 531 1188 dedit
552 1123 651 1206 partis
673 1127 788 1186 natura
812 1124 979 1187 meatum?

123 1261 188 1304 non
211 1241 323 1304 cadere
346 1239 379 1302 in
401 1243 519 1302 terrain
541 1236 650 1300 stellas
673 1244 704 1300 et
726 1237 831 1300 sidera
854 1238 983 1302 cernis?

48 1374 100 1418 aro
126 1354 175 1418 sol
199 1354 293 1418 etiam
316 1373 439 1418 surnrno
462 1351 502 1415 de
524 1351 641 1415 vertice
665 1350 800 1434 dissipat
823 1353 925 1416 omnis

125 1467 272 1532 ardorem
295 1467 328 1530 in
350 1467 449 1551 partis
473 1471 503 1530 et
524 1464 643 1529 lumine
666 1467 804 1529 conserit
826 1459 935 1530 arvad·

6 1573 14 1668 i
124 1581 157 1642 in
179 1586 283 1644 terras
305 1581 402 1660 igitur
424 1598 551 1660 quoque
574 1579 651 1642 solis
673 1581 813 1664 vergitur
834 1580 951 1644 ardor.

6 1689 19 1775 l¹
122 1699 389 1774 transversosque
412 1693 521 1756 volare
543 1712 601 1776 per
621 1692 732 1758 imbris
754 1693 890 1757 fulmina
913 1695 1035 1778 cernis,

123 1829 208 1872 nuno
231 1807 304 1871 binc
326 1827 411 1870 nunc
432 1807 519 1870 illinc
542 1808 669 1890 abrupti
692 1809 829 1872 nubibus
847 1809 940 1889 ignes

6 1901 8 1914 .
43 1944 97 1990 ars
124 1927 331 1987 concursant:
358 1920 443 1984 eadit
464 1921 496 1984 in
520 1928 622 1986 terras
645 1923 693 1987 ris
715 1923 865 1988 flammea
889 1924 1007 2004 volgo.

166 2037 248 2100 illud
270 2036 302 2098 in
325 2035 374 2100 bis
397 2055 523 2117 quoque
545 2041 577 2099 te
599 2036 695 2101 rebus
718 2057 911 2120 cognoscere
935 2058 1086 2122 avernus,

123 2171 258 2234 corpora
281 2170 352 2214 curn
376 2132 523 2213 deorsum
546 2157 665 2213 rectum
688 2151 863 2234 perinane
885 2153 1048 2229 seruntur,

123 2265 320 2349 ponderibus
343 2263 481 2347 propriis
504 2263 624 2326 incerto
647 2271 789 2347 ternpore
813 2265 912 2328 fenne

124 2380 316 2460 incertisque
339 2377 401 2442 loci
425 2378 537 2460 spatiis
560 2377 718 2450 depellere
741 2380 890 2462 paulurn,

6 2469 8 2602 l
36 2516 96 2562 220
123 2500 248 2558 tanturn
271 2495 356 2574 quod
379 2511 503 2555 nrornen
527 2497 682 2554 mutatum
705 2491 812 2573 dicere
834 2495 961 2576 possis.

126 2609 294 2689 quodnisi
319 2607 481 2670 declinare
504 2606 662 2689 solerent,
687 2607 794 2670 ornnia
818 2607 987 2690 deorsum,

122 2723 235 2786 imbris
258 2722 303 2784 uti
326 2727 456 2803 guttae,
481 2719 631 2784 caderent
653 2741 709 2802 per
731 2721 826 2784 inane
848 2721 1062 2805 profundunt,

124 2857 185 2901 nec
207 2836 291 2900 foret
313 2836 453 2900 offensus
475 2841 570 2900 natus
593 2855 653 2898 neo
676 2835 773 2919 plaga
796 2843 904 2900 creata

6 2927 8 3036 l
124 2951 307 3034 principiis:
331 2951 376 3014 ita
399 2951 443 3014 nil
467 2969 616 3030 uinquam
640 2957 755 3014 natura
779 2957 940 3016 creasset.

30 3086 96 3134 220
170 3063 262 3139 Quod
286 3065 312 3128 si
337 3063 417 3128 forte
441 3065 558 3144 aliquis
581 3065 679 3128 eredit
701 3066 850 3145 graviora
872 3074 1000 3148 potesse

126 3197 280 3262 corpora,
305 3199 367 3260 qno
392 3177 483 3242 citius
507 3184 627 3240 rectum
650 3179 823 3260 perinane
846 3179 1010 3254 feruntur,

125 3291 267 3356 incidere
291 3313 329 3356 ex
354 3311 469 3374 supero
492 3291 685 3367 levioribus,
710 3299 807 3372 atque
830 3293 874 3355 ita
896 3293 1010 3375 plagas

126 3407 279 3491 gignere,
304 3425 388 3488 quae
410 3406 533 3490 possint
555 3406 705 3489 genitalis
726 3407 862 3472 reddere
882 3415 1007 3484 motus,

125 3522 216 3585 avius
239 3540 359 3584 evera
382 3521 476 3605 longe
499 3521 622 3585 ratione
646 3521 785 3586 recedit.

23 3659 96 3710 230
125 3657 201 3701 narn
223 3655 280 3720 per
303 3656 404 3717 aquas
428 3655 510 3717 quae
534 3656 668 3718 eumque
692 3637 808 3701 eadunt
831 3643 927 3719 atque
949 3645 1025 3702 ae'ra
1047 3659 1173 3716 rarum,

126 3735 213 3813 haec'
230 3771 287 3832 pro
311 3749 505 3833 ponderibus
529 3772 622 3815 casus
645 3753 785 3816 celerare
807 3760 971 3818 necessest

126 3868 300 3947 propterea
322 3865 398 3946 quia
421 3884 536 3948 eorpus
559 3885 666 3946 aquae
688 3873 865 3946 naturaque
887 3868 990 3932 tenvis

6 166 17 416 l
669 383 701 446 .

6 465 15 738 l

128 4047 330 4054 .—--—.-.-.-....

128 4167 179 4213 203
199 4179 300 4226 quoque
318 4165 409 4214 debent
427 4165 527 4212 flemme
548 4163 560 4229 ΙΙ
581 4168 631 4214 200
651 4175 773 4226 quantum
791 4165 857 4214 inest
876 4164 888 4232 Η
910 4168 959 4214 209
979 4167 1094 4215 caderem
1110 4166 1136 4212 in
1149 4173 1215 4214 terra
1235 4165 1248 4235 l}

130 4254 181 4300 210
200 4267 298 4300 summo
317 4253 457 4303 omissum.
478 4251 490 4317 Η
512 4254 562 4300 218
577 4253 663 4300 firme.
685 4248 698 4319 b
719 4254 768 4300 219
786 4253 849 4300 locis
861 4252 943 4315 spatio
956 4253 1080 4314 depellere
1100 4251 1112 4320 ll
1135 4255 1184 4300 222
1198 4253 1248 4300 Im·
1318 4291 1322 4294 .

130 4338 187 4387 bres
207 4334 221 4430 [l
243 4340 291 4386 227
312 4339 388 4402 plag.
410 4335 423 4407 b
443 4341 493 4388 220
513 4339 595 4388 Aulus
