<?xml version="1.0" encoding="UTF-8"?>
<!DOCTYPE html PUBLIC "-//W3C//DTD XHTML 1.0 Transitional//EN"
    "http://www.w3.org/TR/xhtml1/DTD/xhtml1-transitional.dtd">
<html xmlns="http://www.w3.org/1999/xhtml" xml:lang="en" lang="en">
 <head>
  <title>
</title>
<meta http-equiv="Content-Type" content="text/html;charset=utf-8" />
  <meta name='ocr-system' content='tesseract 3.04.00' />
  <meta name='ocr-capabilities' content='ocr_page ocr_carea ocr_par ocr_line ocrx_word'/>
</head>
<body>
  <div class='ocr_page' id='page_1' title='image "./tlucreticarider25carugoog_0230.png"; bbox 0 0 3140 5032; ppageno 0'>
   <div class='ocr_carea' id='block_1_1' title="bbox 707 365 753 429">
    <p class='ocr_par' dir='ltr' id='par_1_1' title="bbox 707 365 753 429">
     <span class='ocr_line' id='line_1_1' title="bbox 707 365 753 429; baseline -0.022 0"><span class='ocrx_word' id='word_1_1' title='bbox 707 365 753 429; x_wconf 84' lang='lat' dir='ltr'>VI</span> 
     </span>
    </p>
   </div>
   <div class='ocr_carea' id='block_1_2' title="bbox 90 536 1208 3830">
    <p class='ocr_par' dir='ltr' id='par_1_2' title="bbox 168 536 1028 621">
     <span class='ocr_line' id='line_1_2' title="bbox 168 536 1028 621; baseline -0.005 -17"><span class='ocrx_word' id='word_1_2' title='bbox 168 540 219 607; x_wconf 89' lang='lat' dir='ltr'>hic</span> <span class='ocrx_word' id='word_1_3' title='bbox 241 539 296 604; x_wconf 93' lang='lat' dir='ltr'>ubi</span> <span class='ocrx_word' id='word_1_4' title='bbox 319 539 368 605; x_wconf 88' lang='lat' dir='ltr'>sol</span> <span class='ocrx_word' id='word_1_5' title='bbox 390 537 509 615; x_wconf 88' lang='lat' dir='ltr'>radiis,</span> <span class='ocrx_word' id='word_1_6' title='bbox 526 541 748 621; x_wconf 71' lang='lat' dir='ltr'><strong>tempestatem</strong></span> <span class='ocrx_word' id='word_1_7' title='bbox 769 536 850 602; x_wconf 89' lang='lat' dir='ltr'>inter</span> <span class='ocrx_word' id='word_1_8' title='bbox 873 556 1028 620; x_wconf 86' lang='lat' dir='ltr'>opacam,</span> 
     </span>
    </p>

    <p class='ocr_par' dir='ltr' id='par_1_3' title="bbox 91 651 965 849">
     <span class='ocr_line' id='line_1_3' title="bbox 91 651 965 735; baseline -0.009 -12"><span class='ocrx_word' id='word_1_9' title='bbox 91 677 143 724; x_wconf 80' lang='lat'>525</span> <span class='ocrx_word' id='word_1_10' title='bbox 169 655 307 721; x_wconf 88' lang='lat' dir='ltr'>adversa</span> <span class='ocrx_word' id='word_1_11' title='bbox 329 653 417 718; x_wconf 85' lang='lat' dir='ltr'>fulsit</span> <span class='ocrx_word' id='word_1_12' title='bbox 438 653 618 718; x_wconf 86' lang='lat' dir='ltr'><strong>nimborum</strong></span> <span class='ocrx_word' id='word_1_13' title='bbox 640 651 812 735; x_wconf 78' lang='lat' dir='ltr'>aspargine</span> <span class='ocrx_word' id='word_1_14' title='bbox 835 659 965 735; x_wconf 86' lang='lat' dir='ltr'>contra,</span> 
     </span>
     <span class='ocr_line' id='line_1_4' title="bbox 167 767 950 849; baseline -0.006 -14"><span class='ocrx_word' id='word_1_15' title='bbox 167 776 235 835; x_wconf 91' lang='lat' dir='ltr'>tum</span> <span class='ocrx_word' id='word_1_16' title='bbox 258 770 347 835; x_wconf 91' lang='lat' dir='ltr'>color</span> <span class='ocrx_word' id='word_1_17' title='bbox 369 769 401 832; x_wconf 95' lang='lat' dir='ltr'>in</span> <span class='ocrx_word' id='word_1_18' title='bbox 424 767 526 849; x_wconf 88' lang='lat' dir='ltr'>nigris</span> <span class='ocrx_word' id='word_1_19' title='bbox 549 767 655 832; x_wconf 84' lang='lat' dir='ltr'><strong>existit</strong></span> <span class='ocrx_word' id='word_1_20' title='bbox 677 767 813 830; x_wconf 91' lang='lat' dir='ltr'>nubibus</span> <span class='ocrx_word' id='word_1_21' title='bbox 836 768 950 847; x_wconf 90' lang='lat' dir='ltr'>arqui.</span> 
     </span>
    </p>

    <p class='ocr_par' dir='ltr' id='par_1_4' title="bbox 169 885 1088 1196">
     <span class='ocr_line' id='line_1_5' title="bbox 208 885 1088 964; baseline -0.006 -14"><span class='ocrx_word' id='word_1_22' title='bbox 208 885 324 950; x_wconf 82' lang='lat' dir='ltr'><strong>Cetera</strong></span> <span class='ocrx_word' id='word_1_23' title='bbox 346 901 430 964; x_wconf 89' lang='lat' dir='ltr'>quae</span> <span class='ocrx_word' id='word_1_24' title='bbox 453 900 548 946; x_wconf 89' lang='lat' dir='ltr'>eursu</span> <span class='ocrx_word' id='word_1_25' title='bbox 571 887 717 947; x_wconf 86' lang='lat' dir='ltr'>crescunt</span> <span class='ocrx_word' id='word_1_26' title='bbox 738 900 897 964; x_wconf 88' lang='lat' dir='ltr'>cursuque</span> <span class='ocrx_word' id='word_1_27' title='bbox 920 887 1088 960; x_wconf 80' lang='lat' dir='ltr'>creantur,</span> 
     </span>
     <span class='ocr_line' id='line_1_6' title="bbox 169 995 1080 1080; baseline -0.003 -17"><span class='ocrx_word' id='word_1_28' title='bbox 169 1005 199 1064; x_wconf 91' lang='lat' dir='ltr'>et</span> <span class='ocrx_word' id='word_1_29' title='bbox 222 1017 304 1080; x_wconf 91' lang='lat' dir='ltr'>quae</span> <span class='ocrx_word' id='word_1_30' title='bbox 327 1002 536 1062; x_wconf 87' lang='lat' dir='ltr'>concrescunt</span> <span class='ocrx_word' id='word_1_31' title='bbox 556 997 590 1060; x_wconf 94' lang='lat' dir='ltr'>in</span> <span class='ocrx_word' id='word_1_32' title='bbox 612 995 770 1079; x_wconf 88' lang='lat' dir='ltr'>nubibus,</span> <span class='ocrx_word' id='word_1_33' title='bbox 788 997 916 1080; x_wconf 90' lang='lat' dir='ltr'>omnia,</span> <span class='ocrx_word' id='word_1_34' title='bbox 934 1017 1080 1080; x_wconf 89' lang='lat' dir='ltr'>prorsum</span> 
     </span>
     <span class='ocr_line' id='line_1_7' title="bbox 170 1109 1058 1196; baseline -0.002 -17"><span class='ocrx_word' id='word_1_35' title='bbox 170 1113 297 1196; x_wconf 88' lang='lat' dir='ltr'>omnia,</span> <span class='ocrx_word' id='word_1_36' title='bbox 313 1111 390 1195; x_wconf 84' lang='lat' dir='ltr'>nix,</span> <span class='ocrx_word' id='word_1_37' title='bbox 407 1110 513 1188; x_wconf 90' lang='lat' dir='ltr'>venti,</span> <span class='ocrx_word' id='word_1_38' title='bbox 529 1111 672 1194; x_wconf 85' lang='lat' dir='ltr'>grando,</span> <span class='ocrx_word' id='word_1_39' title='bbox 689 1109 882 1192; x_wconf 81' lang='lat' dir='ltr'>gelidaeque</span> <span class='ocrx_word' id='word_1_40' title='bbox 905 1111 1058 1196; x_wconf 88' lang='lat' dir='ltr'>pruinae,</span> 
     </span>
    </p>

    <p class='ocr_par' dir='ltr' id='par_1_5' title="bbox 93 1224 1070 1770">
     <span class='ocr_line' id='line_1_8' title="bbox 93 1224 1062 1311; baseline -0.008 -13"><span class='ocrx_word' id='word_1_41' title='bbox 93 1250 144 1298; x_wconf 85' lang='lat'>530</span> <span class='ocrx_word' id='word_1_42' title='bbox 168 1235 201 1294; x_wconf 87' lang='lat' dir='ltr'>et</span> <span class='ocrx_word' id='word_1_43' title='bbox 221 1229 269 1292; x_wconf 90' lang='lat' dir='ltr'>vis</span> <span class='ocrx_word' id='word_1_44' title='bbox 291 1247 412 1308; x_wconf 90' lang='lat' dir='ltr'>magna</span> <span class='ocrx_word' id='word_1_45' title='bbox 434 1225 519 1308; x_wconf 86' lang='lat' dir='ltr'>geli,</span> <span class='ocrx_word' id='word_1_46' title='bbox 533 1244 685 1307; x_wconf 88' lang='lat' dir='ltr'>magnum</span> <span class='ocrx_word' id='word_1_47' title='bbox 708 1224 863 1290; x_wconf 90' lang='lat' dir='ltr'>duramen</span> <span class='ocrx_word' id='word_1_48' title='bbox 886 1245 1062 1311; x_wconf 87' lang='lat' dir='ltr'>aquarum,</span> 
     </span>
     <span class='ocr_line' id='line_1_9' title="bbox 170 1339 1016 1424; baseline -0.002 -17"><span class='ocrx_word' id='word_1_49' title='bbox 170 1349 202 1407; x_wconf 90' lang='lat' dir='ltr'>et</span> <span class='ocrx_word' id='word_1_50' title='bbox 222 1362 314 1406; x_wconf 89' lang='lat' dir='ltr'>mora</span> <span class='ocrx_word' id='word_1_51' title='bbox 337 1361 422 1423; x_wconf 91' lang='lat' dir='ltr'>quae</span> <span class='ocrx_word' id='word_1_52' title='bbox 443 1340 559 1406; x_wconf 88' lang='lat' dir='ltr'>fluvios</span> <span class='ocrx_word' id='word_1_53' title='bbox 581 1339 703 1423; x_wconf 90' lang='lat' dir='ltr'>passim</span> <span class='ocrx_word' id='word_1_54' title='bbox 727 1339 868 1405; x_wconf 89' lang='lat' dir='ltr'>refrenat</span> <span class='ocrx_word' id='word_1_55' title='bbox 892 1341 1016 1424; x_wconf 89' lang='lat' dir='ltr'>euntis,</span> 
     </span>
     <span class='ocr_line' id='line_1_10' title="bbox 170 1455 1070 1542; baseline -0.002 -21"><span class='ocrx_word' id='word_1_56' title='bbox 170 1457 355 1542; x_wconf 79' lang='lat' dir='ltr'>perfacilest</span> <span class='ocrx_word' id='word_1_57' title='bbox 376 1462 482 1521; x_wconf 90' lang='lat' dir='ltr'>tamen</span> <span class='ocrx_word' id='word_1_58' title='bbox 505 1455 584 1520; x_wconf 90' lang='lat' dir='ltr'>haec</span> <span class='ocrx_word' id='word_1_59' title='bbox 605 1455 746 1539; x_wconf 90' lang='lat' dir='ltr'>reperire</span> <span class='ocrx_word' id='word_1_60' title='bbox 769 1455 939 1536; x_wconf 89' lang='lat' dir='ltr'>animoque</span> <span class='ocrx_word' id='word_1_61' title='bbox 961 1455 1070 1519; x_wconf 89' lang='lat' dir='ltr'>videre</span> 
     </span>
     <span class='ocr_line' id='line_1_11' title="bbox 171 1569 957 1652; baseline -0.004 -18"><span class='ocrx_word' id='word_1_62' title='bbox 171 1572 279 1635; x_wconf 90' lang='lat' dir='ltr'>omnia</span> <span class='ocrx_word' id='word_1_63' title='bbox 301 1591 363 1652; x_wconf 94' lang='lat' dir='ltr'>quo</span> <span class='ocrx_word' id='word_1_64' title='bbox 386 1576 479 1652; x_wconf 89' lang='lat' dir='ltr'>pacto</span> <span class='ocrx_word' id='word_1_65' title='bbox 503 1569 582 1634; x_wconf 90' lang='lat' dir='ltr'>fiant</span> <span class='ocrx_word' id='word_1_66' title='bbox 605 1589 669 1650; x_wconf 89' lang='lat' dir='ltr'>qua</span> <span class='ocrx_word' id='word_1_67' title='bbox 692 1588 767 1634; x_wconf 87' lang='lat' dir='ltr'>reve</span> <span class='ocrx_word' id='word_1_68' title='bbox 790 1577 957 1651; x_wconf 88' lang='lat' dir='ltr'>creentur,</span> 
     </span>
     <span class='ocr_line' id='line_1_12' title="bbox 170 1683 1065 1770; baseline -0.006 -20"><span class='ocrx_word' id='word_1_69' title='bbox 170 1707 241 1750; x_wconf 88' lang='lat' dir='ltr'>oum</span> <span class='ocrx_word' id='word_1_70' title='bbox 265 1687 345 1750; x_wconf 90' lang='lat' dir='ltr'>bene</span> <span class='ocrx_word' id='word_1_71' title='bbox 368 1685 516 1770; x_wconf 89' lang='lat' dir='ltr'>cognoris</span> <span class='ocrx_word' id='word_1_72' title='bbox 538 1684 703 1750; x_wconf 88' lang='lat' dir='ltr'>elementis</span> <span class='ocrx_word' id='word_1_73' title='bbox 723 1683 852 1748; x_wconf 88' lang='lat' dir='ltr'>reddita</span> <span class='ocrx_word' id='word_1_74' title='bbox 874 1702 959 1764; x_wconf 89' lang='lat' dir='ltr'>quae</span> <span class='ocrx_word' id='word_1_75' title='bbox 982 1685 1065 1748; x_wconf 90' lang='lat' dir='ltr'>sint.</span> 
     </span>
    </p>

    <p class='ocr_par' dir='ltr' id='par_1_6' title="bbox 94 1799 1111 2342">
     <span class='ocr_line' id='line_1_13' title="bbox 94 1799 999 1884; baseline -0.007 -16"><span class='ocrx_word' id='word_1_76' title='bbox 94 1821 145 1868; x_wconf 85' lang='lat'>535</span> <span class='ocrx_word' id='word_1_77' title='bbox 212 1803 305 1865; x_wconf 92' lang='lat' dir='ltr'>Nunc</span> <span class='ocrx_word' id='word_1_78' title='bbox 326 1819 407 1884; x_wconf 86' lang='lat' dir='ltr'>age,</span> <span class='ocrx_word' id='word_1_79' title='bbox 423 1820 506 1882; x_wconf 88' lang='lat' dir='ltr'>quae</span> <span class='ocrx_word' id='word_1_80' title='bbox 528 1801 609 1864; x_wconf 88' lang='lat' dir='ltr'>ratio</span> <span class='ocrx_word' id='word_1_81' title='bbox 632 1799 730 1864; x_wconf 85' lang='lat' dir='ltr'>terrai</span> <span class='ocrx_word' id='word_1_82' title='bbox 752 1799 890 1864; x_wconf 90' lang='lat' dir='ltr'>motibus</span> <span class='ocrx_word' id='word_1_83' title='bbox 913 1804 999 1864; x_wconf 86' lang='lat' dir='ltr'>extet</span> 
     </span>
     <span class='ocr_line' id='line_1_14' title="bbox 168 1912 1043 2000; baseline -0.002 -20"><span class='ocrx_word' id='word_1_84' title='bbox 168 1916 367 2000; x_wconf 69' lang='lat' dir='ltr'>percipeat</span> <span class='ocrx_word' id='word_1_85' title='bbox 388 1915 421 1978; x_wconf 92' lang='lat' dir='ltr'>in</span> <span class='ocrx_word' id='word_1_86' title='bbox 443 1915 554 1998; x_wconf 84' lang='lat' dir='ltr'>primis</span> <span class='ocrx_word' id='word_1_87' title='bbox 576 1921 692 1980; x_wconf 90' lang='lat' dir='ltr'>terram</span> <span class='ocrx_word' id='word_1_88' title='bbox 716 1912 767 1978; x_wconf 82' lang='lat' dir='ltr'>fac</span> <span class='ocrx_word' id='word_1_89' title='bbox 789 1919 824 1976; x_wconf 93' lang='lat' dir='ltr'>ut</span> <span class='ocrx_word' id='word_1_90' title='bbox 847 1932 918 1978; x_wconf 89' lang='lat' dir='ltr'>esse</span> <span class='ocrx_word' id='word_1_91' title='bbox 941 1914 1043 1978; x_wconf 83' lang='lat' dir='ltr'>rearis</span> 
     </span>
     <span class='ocr_line' id='line_1_15' title="bbox 170 2027 1111 2114; baseline -0.004 -18"><span class='ocrx_word' id='word_1_92' title='bbox 170 2035 281 2114; x_wconf 89' lang='lat' dir='ltr'>supter</span> <span class='ocrx_word' id='word_1_93' title='bbox 302 2029 378 2092; x_wconf 91' lang='lat' dir='ltr'>item</span> <span class='ocrx_word' id='word_1_94' title='bbox 402 2034 436 2090; x_wconf 96' lang='lat' dir='ltr'>ut</span> <span class='ocrx_word' id='word_1_95' title='bbox 458 2048 576 2111; x_wconf 90' lang='lat' dir='ltr'>supera</span> <span class='ocrx_word' id='word_1_96' title='bbox 596 2028 737 2094; x_wconf 82' lang='lat' dir='ltr'>ventosis</span> <span class='ocrx_word' id='word_1_97' title='bbox 759 2028 900 2108; x_wconf 90' lang='lat' dir='ltr'>undique</span> <span class='ocrx_word' id='word_1_98' title='bbox 924 2027 1052 2112; x_wconf 89' lang='lat' dir='ltr'>plenam</span> <span class='ocrx_word' id='word_1_99' title='bbox 1110 2043 1111 2047; x_wconf 76' lang='grc'>’</span> 
     </span>
     <span class='ocr_line' id='line_1_16' title="bbox 169 2141 1020 2230; baseline -0.002 -20"><span class='ocrx_word' id='word_1_100' title='bbox 169 2143 352 2230; x_wconf 89' lang='lat' dir='ltr'>speluncis,</span> <span class='ocrx_word' id='word_1_101' title='bbox 367 2142 549 2224; x_wconf 90' lang='lat' dir='ltr'>multosque</span> <span class='ocrx_word' id='word_1_102' title='bbox 571 2141 659 2206; x_wconf 90' lang='lat' dir='ltr'>lacus</span> <span class='ocrx_word' id='word_1_103' title='bbox 682 2141 861 2224; x_wconf 89' lang='lat' dir='ltr'>multasque</span> <span class='ocrx_word' id='word_1_104' title='bbox 885 2143 1020 2208; x_wconf 90' lang='lat' dir='ltr'>lucunas</span> 
     </span>
     <span class='ocr_line' id='line_1_17' title="bbox 171 2257 999 2342; baseline -0.001 -20"><span class='ocrx_word' id='word_1_105' title='bbox 171 2259 204 2324; x_wconf 96' lang='lat' dir='ltr'>in</span> <span class='ocrx_word' id='word_1_106' title='bbox 224 2258 348 2340; x_wconf 90' lang='lat' dir='ltr'>gremio</span> <span class='ocrx_word' id='word_1_107' title='bbox 371 2276 483 2340; x_wconf 86' lang='lat' dir='ltr'>gerere</span> <span class='ocrx_word' id='word_1_108' title='bbox 507 2263 539 2320; x_wconf 91' lang='lat' dir='ltr'>et</span> <span class='ocrx_word' id='word_1_109' title='bbox 561 2276 657 2341; x_wconf 90' lang='lat' dir='ltr'>rupes</span> <span class='ocrx_word' id='word_1_110' title='bbox 679 2257 878 2342; x_wconf 82' lang='lat' dir='ltr'>deruptaque</span> <span class='ocrx_word' id='word_1_111' title='bbox 901 2278 999 2321; x_wconf 82' lang='lat' dir='ltr'>saxa:</span> 
     </span>
    </p>

    <p class='ocr_par' dir='ltr' id='par_1_7' title="bbox 95 2369 1208 2912">
     <span class='ocr_line' id='line_1_18' title="bbox 95 2369 911 2455; baseline -0.002 -17"><span class='ocrx_word' id='word_1_112' title='bbox 95 2392 146 2439; x_wconf 87' lang='lat'>540</span> <span class='ocrx_word' id='word_1_113' title='bbox 171 2373 335 2454; x_wconf 89' lang='lat' dir='ltr'>multaque</span> <span class='ocrx_word' id='word_1_114' title='bbox 358 2373 417 2438; x_wconf 90' lang='lat' dir='ltr'>sub</span> <span class='ocrx_word' id='word_1_115' title='bbox 440 2378 530 2455; x_wconf 89' lang='lat' dir='ltr'>tergo</span> <span class='ocrx_word' id='word_1_116' title='bbox 553 2370 652 2434; x_wconf 90' lang='lat' dir='ltr'>terrai</span> <span class='ocrx_word' id='word_1_117' title='bbox 674 2369 806 2434; x_wconf 87' lang='lat' dir='ltr'>flumina</span> <span class='ocrx_word' id='word_1_118' title='bbox 827 2377 911 2436; x_wconf 86' lang='lat' dir='ltr'>tecta</span> 
     </span>
     <span class='ocr_line' id='line_1_19' title="bbox 173 2486 1208 2569; baseline 0 -19"><span class='ocrx_word' id='word_1_119' title='bbox 173 2487 300 2551; x_wconf 87' lang='lat' dir='ltr'>volvere</span> <span class='ocrx_word' id='word_1_120' title='bbox 321 2486 353 2550; x_wconf 87' lang='lat' dir='ltr'>vi</span> <span class='ocrx_word' id='word_1_121' title='bbox 374 2486 488 2550; x_wconf 88' lang='lat' dir='ltr'>fluctus</span> <span class='ocrx_word' id='word_1_122' title='bbox 510 2504 751 2566; x_wconf 89' lang='lat' dir='ltr'>summersaque</span> <span class='ocrx_word' id='word_1_123' title='bbox 774 2505 855 2550; x_wconf 85' lang='lat' dir='ltr'>saxa</span> <span class='ocrx_word' id='word_1_124' title='bbox 878 2488 1103 2569; x_wconf 86' lang='lat' dir='ltr'>putandumst:</span> <span class='ocrx_word' id='word_1_125' title='bbox 1204 2497 1208 2502; x_wconf 77' lang='grc'><strong>“</strong></span> 
     </span>
     <span class='ocr_line' id='line_1_20' title="bbox 171 2599 1091 2684; baseline 0.003 -22"><span class='ocrx_word' id='word_1_126' title='bbox 171 2599 311 2681; x_wconf 90' lang='lat' dir='ltr'>undique</span> <span class='ocrx_word' id='word_1_127' title='bbox 334 2600 418 2664; x_wconf 91' lang='lat' dir='ltr'>enim</span> <span class='ocrx_word' id='word_1_128' title='bbox 441 2599 574 2664; x_wconf 91' lang='lat' dir='ltr'>similem</span> <span class='ocrx_word' id='word_1_129' title='bbox 597 2619 670 2666; x_wconf 90' lang='lat' dir='ltr'>esse</span> <span class='ocrx_word' id='word_1_130' title='bbox 692 2600 740 2664; x_wconf 91' lang='lat' dir='ltr'>sui</span> <span class='ocrx_word' id='word_1_131' title='bbox 763 2617 816 2664; x_wconf 89' lang='lat' dir='ltr'>res</span> <span class='ocrx_word' id='word_1_132' title='bbox 838 2601 977 2683; x_wconf 90' lang='lat' dir='ltr'>postulat</span> <span class='ocrx_word' id='word_1_133' title='bbox 1000 2601 1091 2684; x_wconf 89' lang='lat' dir='ltr'>ipsa.</span> 
     </span>
     <span class='ocr_line' id='line_1_21' title="bbox 170 2713 915 2798; baseline 0.003 -21"><span class='ocrx_word' id='word_1_134' title='bbox 170 2713 221 2778; x_wconf 92' lang='lat' dir='ltr'>his</span> <span class='ocrx_word' id='word_1_135' title='bbox 242 2713 336 2798; x_wconf 91' lang='lat' dir='ltr'>igitur</span> <span class='ocrx_word' id='word_1_136' title='bbox 358 2714 454 2779; x_wconf 89' lang='lat' dir='ltr'>rebus</span> <span class='ocrx_word' id='word_1_137' title='bbox 478 2716 652 2780; x_wconf 90' lang='lat' dir='ltr'>subiunctis</span> <span class='ocrx_word' id='word_1_138' title='bbox 675 2713 915 2798; x_wconf 85' lang='lat' dir='ltr'>suppositisque</span> 
     </span>
     <span class='ocr_line' id='line_1_22' title="bbox 168 2828 1010 2912; baseline 0.002 -20"><span class='ocrx_word' id='word_1_139' title='bbox 168 2834 254 2894; x_wconf 88' lang='lat' dir='ltr'>terra</span> <span class='ocrx_word' id='word_1_140' title='bbox 275 2848 413 2912; x_wconf 89' lang='lat' dir='ltr'>superne</span> <span class='ocrx_word' id='word_1_141' title='bbox 435 2830 541 2894; x_wconf 89' lang='lat' dir='ltr'>tremit</span> <span class='ocrx_word' id='word_1_142' title='bbox 562 2828 690 2910; x_wconf 90' lang='lat' dir='ltr'>magnis</span> <span class='ocrx_word' id='word_1_143' title='bbox 713 2848 869 2896; x_wconf 87' lang='lat' dir='ltr'>concussa</span> <span class='ocrx_word' id='word_1_144' title='bbox 892 2829 1010 2904; x_wconf 88' lang='lat' dir='ltr'>ruinis,</span> 
     </span>
    </p>

    <p class='ocr_par' dir='ltr' id='par_1_8' title="bbox 91 2943 1074 3486">
     <span class='ocr_line' id='line_1_23' title="bbox 91 2943 986 3026; baseline -0.006 -15"><span class='ocrx_word' id='word_1_145' title='bbox 91 2963 143 3011; x_wconf 76' lang='lat'>545</span> <span class='ocrx_word' id='word_1_146' title='bbox 170 2944 279 3008; x_wconf 89' lang='lat' dir='ltr'>subter</span> <span class='ocrx_word' id='word_1_147' title='bbox 301 2943 357 3008; x_wconf 94' lang='lat' dir='ltr'>ubi</span> <span class='ocrx_word' id='word_1_148' title='bbox 377 2943 516 3024; x_wconf 89' lang='lat' dir='ltr'>ingentis</span> <span class='ocrx_word' id='word_1_149' title='bbox 538 2945 710 3026; x_wconf 86' lang='lat' dir='ltr'>speluncas</span> <span class='ocrx_word' id='word_1_150' title='bbox 733 2944 856 3008; x_wconf 88' lang='lat' dir='ltr'>subruit</span> <span class='ocrx_word' id='word_1_151' title='bbox 877 2950 986 3008; x_wconf 88' lang='lat' dir='ltr'>aetas:</span> 
     </span>
     <span class='ocr_line' id='line_1_24' title="bbox 168 3057 1031 3142; baseline 0.002 -22"><span class='ocrx_word' id='word_1_152' title='bbox 168 3057 289 3142; x_wconf 92' lang='lat' dir='ltr'>quippo</span> <span class='ocrx_word' id='word_1_153' title='bbox 312 3057 431 3120; x_wconf 90' lang='lat' dir='ltr'>cadunt</span> <span class='ocrx_word' id='word_1_154' title='bbox 452 3059 510 3122; x_wconf 91' lang='lat' dir='ltr'>toti</span> <span class='ocrx_word' id='word_1_155' title='bbox 533 3063 678 3141; x_wconf 90' lang='lat' dir='ltr'>montes,</span> <span class='ocrx_word' id='word_1_156' title='bbox 694 3078 877 3139; x_wconf 90' lang='lat' dir='ltr'>magnoque</span> <span class='ocrx_word' id='word_1_157' title='bbox 900 3065 1031 3141; x_wconf 90' lang='lat' dir='ltr'>repente</span> 
     </span>
     <span class='ocr_line' id='line_1_25' title="bbox 168 3169 916 3256; baseline -0.003 -20"><span class='ocrx_word' id='word_1_158' title='bbox 168 3191 327 3236; x_wconf 89' lang='lat' dir='ltr'>concussu</span> <span class='ocrx_word' id='word_1_159' title='bbox 349 3171 416 3234; x_wconf 84' lang='lat' dir='ltr'>late</span> <span class='ocrx_word' id='word_1_160' title='bbox 439 3169 622 3256; x_wconf 89' lang='lat' dir='ltr'>disserpunt</span> <span class='ocrx_word' id='word_1_161' title='bbox 645 3173 720 3237; x_wconf 91' lang='lat' dir='ltr'>inde</span> <span class='ocrx_word' id='word_1_162' title='bbox 742 3181 916 3238; x_wconf 90' lang='lat' dir='ltr'>tremores.</span> 
     </span>
     <span class='ocr_line' id='line_1_26' title="bbox 169 3286 1074 3370; baseline 0 -21"><span class='ocrx_word' id='word_1_163' title='bbox 169 3291 202 3349; x_wconf 90' lang='lat' dir='ltr'>et</span> <span class='ocrx_word' id='word_1_164' title='bbox 224 3287 356 3368; x_wconf 82' lang='lat' dir='ltr'>merito,</span> <span class='ocrx_word' id='word_1_165' title='bbox 374 3287 524 3366; x_wconf 90' lang='lat' dir='ltr'>quoniam</span> <span class='ocrx_word' id='word_1_166' title='bbox 547 3286 681 3370; x_wconf 88' lang='lat' dir='ltr'>plaustri</span> <span class='ocrx_word' id='word_1_167' title='bbox 706 3305 860 3352; x_wconf 87' lang='lat' dir='ltr'>concussa</span> <span class='ocrx_word' id='word_1_168' title='bbox 882 3293 1074 3351; x_wconf 89' lang='lat' dir='ltr'>tremescunt</span> 
     </span>
     <span class='ocr_line' id='line_1_27' title="bbox 168 3398 1045 3486; baseline 0.003 -24"><span class='ocrx_word' id='word_1_169' title='bbox 168 3405 273 3482; x_wconf 87' lang='lat' dir='ltr'>tecta,</span> <span class='ocrx_word' id='word_1_170' title='bbox 290 3398 374 3464; x_wconf 88' lang='lat' dir='ltr'>viam</span> <span class='ocrx_word' id='word_1_171' title='bbox 398 3407 546 3482; x_wconf 88' lang='lat' dir='ltr'>propter,</span> <span class='ocrx_word' id='word_1_172' title='bbox 562 3421 628 3466; x_wconf 91' lang='lat' dir='ltr'>non</span> <span class='ocrx_word' id='word_1_173' title='bbox 651 3421 768 3485; x_wconf 90' lang='lat' dir='ltr'>magno</span> <span class='ocrx_word' id='word_1_174' title='bbox 793 3401 937 3486; x_wconf 89' lang='lat' dir='ltr'>pondere</span> <span class='ocrx_word' id='word_1_175' title='bbox 960 3407 1045 3478; x_wconf 88' lang='lat' dir='ltr'>tota,</span> 
     </span>
    </p>

    <p class='ocr_par' dir='ltr' id='par_1_9' title="bbox 90 3515 1133 3830">
     <span class='ocr_line' id='line_1_28' title="bbox 90 3515 1011 3600; baseline 0 -20"><span class='ocrx_word' id='word_1_176' title='bbox 90 3533 143 3580; x_wconf 90' lang='lat'>550</span> <span class='ocrx_word' id='word_1_177' title='bbox 168 3532 229 3578; x_wconf 89' lang='lat' dir='ltr'>neo</span> <span class='ocrx_word' id='word_1_178' title='bbox 250 3515 355 3578; x_wconf 89' lang='lat' dir='ltr'>minus</span> <span class='ocrx_word' id='word_1_179' title='bbox 379 3515 542 3598; x_wconf 85' lang='lat' dir='ltr'>exultant,</span> <span class='ocrx_word' id='word_1_180' title='bbox 559 3524 591 3580; x_wconf 91' lang='lat' dir='ltr'>et</span> <span class='ocrx_word' id='word_1_181' title='bbox 613 3517 669 3581; x_wconf 88' lang='lat' dir='ltr'>ubi</span> <span class='ocrx_word' id='word_1_182' title='bbox 691 3515 764 3600; x_wconf 90' lang='lat' dir='ltr'>lapi’</span> <span class='ocrx_word' id='word_1_183' title='bbox 789 3536 924 3597; x_wconf 87' lang='lat' dir='ltr'>cumque</span> <span class='ocrx_word' id='word_1_184' title='bbox 947 3517 1011 3582; x_wconf 89' lang='lat' dir='ltr'>viai</span> 
     </span>
     <span class='ocr_line' id='line_1_29' title="bbox 166 3627 944 3712; baseline 0.005 -20"><span class='ocrx_word' id='word_1_185' title='bbox 166 3627 304 3694; x_wconf 88' lang='lat' dir='ltr'>ferratos</span> <span class='ocrx_word' id='word_1_186' title='bbox 328 3630 486 3712; x_wconf 92' lang='lat' dir='ltr'>utrimque</span> <span class='ocrx_word' id='word_1_187' title='bbox 509 3638 648 3695; x_wconf 88' lang='lat' dir='ltr'>rotarum</span> <span class='ocrx_word' id='word_1_188' title='bbox 673 3630 808 3694; x_wconf 88' lang='lat' dir='ltr'>succutit</span> <span class='ocrx_word' id='word_1_189' title='bbox 831 3631 944 3698; x_wconf 88' lang='lat' dir='ltr'>orbes.</span> 
     </span>
     <span class='ocr_line' id='line_1_30' title="bbox 165 3742 1133 3830; baseline 0.004 -22"><span class='ocrx_word' id='word_1_190' title='bbox 165 3742 200 3808; x_wconf 88' lang='lat' dir='ltr'>fit</span> <span class='ocrx_word' id='word_1_191' title='bbox 223 3763 370 3827; x_wconf 88' lang='lat' dir='ltr'>quoque,</span> <span class='ocrx_word' id='word_1_192' title='bbox 388 3745 443 3808; x_wconf 90' lang='lat' dir='ltr'>ubi</span> <span class='ocrx_word' id='word_1_193' title='bbox 465 3745 498 3808; x_wconf 91' lang='lat' dir='ltr'>in</span> <span class='ocrx_word' id='word_1_194' title='bbox 520 3765 654 3826; x_wconf 87' lang='lat' dir='ltr'>magnas</span> <span class='ocrx_word' id='word_1_195' title='bbox 677 3752 783 3826; x_wconf 80' lang='lat' dir='ltr'>aquae</span> <span class='ocrx_word' id='word_1_196' title='bbox 805 3751 976 3830; x_wconf 89' lang='lat' dir='ltr'>vastasque</span> <span class='ocrx_word' id='word_1_197' title='bbox 1000 3749 1133 3812; x_wconf 87' lang='lat' dir='ltr'>lucunas</span> 
     </span>
    </p>
   </div>
   <div class='ocr_carea' id='block_1_3' title="bbox 167 4072 1291 4238">
    <p class='ocr_par' dir='ltr' id='par_1_10' title="bbox 167 4072 1291 4238">
     <span class='ocr_line' id='line_1_31' title="bbox 167 4072 1291 4150; baseline 0.008 -26"><span class='ocrx_word' id='word_1_198' title='bbox 167 4077 218 4124; x_wconf 91' lang='grc'>524</span> <span class='ocrx_word' id='word_1_199' title='bbox 237 4081 385 4138; x_wconf 63' lang='grc' dir='ltr'>φωρθεῐαῑθ</span> <span class='ocrx_word' id='word_1_200' title='bbox 403 4073 456 4123; x_wconf 91' lang='lat' dir='ltr'>intc</span> <span class='ocrx_word' id='word_1_201' title='bbox 481 4072 495 4147; x_wconf 70' lang='lat' dir='ltr'>ll</span> <span class='ocrx_word' id='word_1_202' title='bbox 519 4076 570 4124; x_wconf 88' lang='grc'>526</span> <span class='ocrx_word' id='word_1_203' title='bbox 590 4075 665 4124; x_wconf 89' lang='lat' dir='ltr'>existi</span> <span class='ocrx_word' id='word_1_204' title='bbox 689 4073 702 4145; x_wconf 73' lang='lat' dir='ltr'>ll</span> <span class='ocrx_word' id='word_1_205' title='bbox 727 4079 776 4126; x_wconf 84' lang='grc'>527</span> <span class='ocrx_word' id='word_1_206' title='bbox 796 4092 894 4126; x_wconf 91' lang='lat' dir='ltr'>sursum</span> <span class='ocrx_word' id='word_1_207' title='bbox 915 4075 928 4146; x_wconf 72' lang='lat' dir='ltr'>ll</span> <span class='ocrx_word' id='word_1_208' title='bbox 948 4093 1095 4141; x_wconf 87' lang='lat' dir='ltr'>sursumque</span> <span class='ocrx_word' id='word_1_209' title='bbox 1115 4077 1129 4150; x_wconf 76' lang='grc' dir='ltr'>Η</span> <span class='ocrx_word' id='word_1_210' title='bbox 1151 4083 1199 4132; x_wconf 83' lang='grc'>531</span> <span class='ocrx_word' id='word_1_211' title='bbox 1220 4083 1291 4133; x_wconf 88' lang='lat' dir='ltr'>avin-</span> 
     </span>
     <span class='ocr_line' id='line_1_32' title="bbox 167 4158 1285 4238; baseline 0.009 -28"><span class='ocrx_word' id='word_1_212' title='bbox 167 4162 215 4232; x_wconf 56' lang='lat'>⁶⁸}</span> <span class='ocrx_word' id='word_1_213' title='bbox 241 4161 253 4227; x_wconf 71' lang='grc' dir='ltr'><em>Η</em></span> <span class='ocrx_word' id='word_1_214' title='bbox 278 4163 329 4212; x_wconf 88' lang='grc'>532</span> <span class='ocrx_word' id='word_1_215' title='bbox 349 4161 475 4212; x_wconf 83' lang='lat' dir='ltr'>Perfacile</span> <span class='ocrx_word' id='word_1_216' title='bbox 493 4163 515 4211; x_wconf 90' lang='lat' dir='ltr'>si</span> <span class='ocrx_word' id='word_1_217' title='bbox 541 4158 554 4229; x_wconf 71' lang='grc' dir='ltr'>Η</span> <span class='ocrx_word' id='word_1_218' title='bbox 580 4164 630 4212; x_wconf 85' lang='grc'>533</span> <span class='ocrx_word' id='word_1_219' title='bbox 650 4163 731 4212; x_wconf 90' lang='lat' dir='ltr'>fluant</span> <span class='ocrx_word' id='word_1_220' title='bbox 754 4163 767 4230; x_wconf 73' lang='grc' dir='ltr'>ΙΙ</span> <span class='ocrx_word' id='word_1_221' title='bbox 794 4166 843 4212; x_wconf 87' lang='grc'>536</span> <span class='ocrx_word' id='word_1_222' title='bbox 863 4172 941 4212; x_wconf 86' lang='lat' dir='ltr'>terras</span> <span class='ocrx_word' id='word_1_223' title='bbox 967 4161 981 4232; x_wconf 78' lang='grc' dir='ltr'>Η</span> <span class='ocrx_word' id='word_1_224' title='bbox 1004 4167 1053 4214; x_wconf 81' lang='grc'>537</span> <span class='ocrx_word' id='word_1_225' title='bbox 1074 4171 1246 4233; x_wconf 85' lang='lat' dir='ltr'>superventis</span> <span class='ocrx_word' id='word_1_226' title='bbox 1271 4171 1285 4238; x_wconf 70' lang='lat' dir='ltr'>ll</span> 
     </span>
    </p>
   </div>
   <div class='ocr_carea' id='block_1_4' title="bbox 168 4246 1291 4402">
    <p class='ocr_par' dir='ltr' id='par_1_11' title="bbox 168 4246 1291 4402">
     <span class='ocr_line' id='line_1_33' title="bbox 168 4246 1291 4325; baseline 0.012 -29"><span class='ocrx_word' id='word_1_227' title='bbox 168 4251 217 4298; x_wconf 82' lang='grc'>539</span> <span class='ocrx_word' id='word_1_228' title='bbox 237 4263 311 4312; x_wconf 84' lang='lat' dir='ltr'>rupes</span> <span class='ocrx_word' id='word_1_229' title='bbox 329 4249 435 4312; x_wconf 84' lang='lat' dir='ltr'>derupes</span> <span class='ocrx_word' id='word_1_230' title='bbox 462 4246 475 4316; x_wconf 72' lang='lat' dir='ltr'>ll</span> <span class='ocrx_word' id='word_1_231' title='bbox 502 4252 551 4300; x_wconf 85' lang='grc'>541</span> <span class='ocrx_word' id='word_1_232' title='bbox 572 4265 754 4301; x_wconf 86' lang='lat' dir='ltr'>sunnnersosca</span> <span class='ocrx_word' id='word_1_233' title='bbox 778 4249 791 4319; x_wconf 82' lang='grc'>11</span> <span class='ocrx_word' id='word_1_234' title='bbox 817 4255 867 4302; x_wconf 89' lang='grc'>542</span> <span class='ocrx_word' id='word_1_235' title='bbox 887 4253 969 4304; x_wconf 85' lang='lat' dir='ltr'>simile</span> <span class='ocrx_word' id='word_1_236' title='bbox 988 4269 1041 4303; x_wconf 86' lang='lat' dir='ltr'>esse</span> <span class='ocrx_word' id='word_1_237' title='bbox 1060 4257 1083 4304; x_wconf 90' lang='lat' dir='ltr'>vi</span> <span class='ocrx_word' id='word_1_238' title='bbox 1103 4259 1117 4325; x_wconf 73' lang='lat' dir='ltr'>ll</span> <span class='ocrx_word' id='word_1_239' title='bbox 1137 4260 1188 4308; x_wconf 73' lang='lat'>548</span> <span class='ocrx_word' id='word_1_240' title='bbox 1206 4259 1291 4322; x_wconf 82' lang='lat' dir='ltr'>plaus-</span> 
     </span>
     <span class='ocr_line' id='line_1_34' title="bbox 168 4335 685 4402; baseline 0.002 -17"><span class='ocrx_word' id='word_1_241' title='bbox 168 4335 211 4385; x_wconf 88' lang='lat' dir='ltr'>tris</span> <span class='ocrx_word' id='word_1_242' title='bbox 232 4336 244 4402; x_wconf 80' lang='grc' dir='ltr'>Η</span> <span class='ocrx_word' id='word_1_243' title='bbox 265 4339 315 4386; x_wconf 86' lang='grc'>550</span> <span class='ocrx_word' id='word_1_244' title='bbox 335 4351 361 4385; x_wconf 88' lang='lat' dir='ltr'>es</span> <span class='ocrx_word' id='word_1_245' title='bbox 380 4337 472 4399; x_wconf 89' lang='lat' dir='ltr'>dupuis</span> <span class='ocrx_word' id='word_1_246' title='bbox 491 4351 598 4398; x_wconf 88' lang='lat' dir='ltr'>cumque</span> <span class='ocrx_word' id='word_1_247' title='bbox 617 4337 685 4386; x_wconf 87' lang='lat' dir='ltr'>vim.</span> 
     </span>
    </p>
   </div>
   <div class='ocr_carea' id='block_1_5' title="bbox 0 0 1587 5032">
    <p class='ocr_par' dir='ltr' id='par_1_12' title="bbox 0 0 1587 5032">
     <span class='ocr_line' id='line_1_35' title="bbox 0 0 1587 5032; baseline 0 0"><span class='ocrx_word' id='word_1_248' title='bbox 0 0 1587 5032; x_wconf 95' lang='lat' dir='ltr'> </span> 
     </span>
    </p>
   </div>
  </div>
 </body>
</html>
