<?xml version="1.0" encoding="UTF-8"?>
<!DOCTYPE html PUBLIC "-//W3C//DTD XHTML 1.0 Transitional//EN"
    "http://www.w3.org/TR/xhtml1/DTD/xhtml1-transitional.dtd">
<html xmlns="http://www.w3.org/1999/xhtml" xml:lang="en" lang="en">
 <head>
  <title>
</title>
<meta http-equiv="Content-Type" content="text/html;charset=utf-8" />
  <meta name='ocr-system' content='tesseract 3.04.00' />
  <meta name='ocr-capabilities' content='ocr_page ocr_carea ocr_par ocr_line ocrx_word'/>
</head>
<body>
  <div class='ocr_page' id='page_1' title='image "./tlucreticarider25carugoog_0112.png"; bbox 0 0 3140 5036; ppageno 0'>
   <div class='ocr_carea' id='block_1_1' title="bbox 682 371 730 434">
    <p class='ocr_par' dir='ltr' id='par_1_1' title="bbox 682 371 730 434">
     <span class='ocr_line' id='line_1_1' title="bbox 682 371 730 434; baseline 0 0"><span class='ocrx_word' id='word_1_1' title='bbox 682 371 730 434; x_wconf 91' lang='lat'><strong>111</strong></span> 
     </span>
    </p>
   </div>
   <div class='ocr_carea' id='block_1_2' title="bbox 72 541 1201 2918">
    <p class='ocr_par' dir='ltr' id='par_1_2' title="bbox 72 541 1201 2918">
     <span class='ocr_line' id='line_1_2' title="bbox 83 541 1049 628; baseline -0.008 -14"><span class='ocrx_word' id='word_1_2' title='bbox 83 568 128 614; x_wconf 84' lang='lat' dir='ltr'><strong>reo</strong></span> <span class='ocrx_word' id='word_1_3' title='bbox 153 546 227 628; x_wconf 92' lang='lat' dir='ltr'><strong>quid</strong></span> <span class='ocrx_word' id='word_1_4' title='bbox 249 545 276 610; x_wconf 90' lang='lat' dir='ltr'><strong>si</strong></span> <span class='ocrx_word' id='word_1_5' title='bbox 298 549 409 628; x_wconf 89' lang='lat' dir='ltr'><strong>posset</strong></span> <span class='ocrx_word' id='word_1_6' title='bbox 428 543 541 609; x_wconf 80' lang='lat' dir='ltr'><strong>enim?</strong></span> <span class='ocrx_word' id='word_1_7' title='bbox 556 543 655 608; x_wconf 92' lang='lat' dir='ltr'><strong>multo</strong></span> <span class='ocrx_word' id='word_1_8' title='bbox 678 541 765 625; x_wconf 88' lang='lat' dir='ltr'><strong>prius</strong></span> <span class='ocrx_word' id='word_1_9' title='bbox 787 541 860 624; x_wconf 85' lang='lat' dir='ltr'><strong>ipsa</strong></span> <span class='ocrx_word' id='word_1_10' title='bbox 882 541 979 604; x_wconf 88' lang='lat' dir='ltr'><strong>animi</strong></span> <span class='ocrx_word' id='word_1_11' title='bbox 1000 542 1049 606; x_wconf 90' lang='lat' dir='ltr'><strong>vis</strong></span> 
     </span>
     <span class='ocr_line' id='line_1_3' title="bbox 147 654 953 743; baseline -0.005 -20"><span class='ocrx_word' id='word_1_12' title='bbox 147 660 179 723; x_wconf 91' lang='lat' dir='ltr'><strong>in</strong></span> <span class='ocrx_word' id='word_1_13' title='bbox 202 660 305 743; x_wconf 87' lang='lat' dir='ltr'><strong>eapite</strong></span> <span class='ocrx_word' id='word_1_14' title='bbox 327 663 384 723; x_wconf 90' lang='lat' dir='ltr'><strong>aut</strong></span> <span class='ocrx_word' id='word_1_15' title='bbox 405 657 522 723; x_wconf 90' lang='lat' dir='ltr'><strong>umeris</strong></span> <span class='ocrx_word' id='word_1_16' title='bbox 545 663 600 722; x_wconf 87' lang='lat' dir='ltr'><strong>aut</strong></span> <span class='ocrx_word' id='word_1_17' title='bbox 621 656 693 720; x_wconf 91' lang='lat' dir='ltr'><strong>imis</strong></span> <span class='ocrx_word' id='word_1_18' title='bbox 716 654 857 720; x_wconf 80' lang='lat' dir='ltr'>calcibus</span> <span class='ocrx_word' id='word_1_19' title='bbox 881 673 953 720; x_wconf 90' lang='lat' dir='ltr'><strong>esse</strong></span> 
     </span>
     <span class='ocr_line' id='line_1_4' title="bbox 147 768 911 858; baseline -0.008 -20"><span class='ocrx_word' id='word_1_20' title='bbox 147 777 276 858; x_wconf 84' lang='lat' dir='ltr'><strong>posset,</strong></span> <span class='ocrx_word' id='word_1_21' title='bbox 293 779 324 837; x_wconf 88' lang='lat' dir='ltr'><strong>et</strong></span> <span class='ocrx_word' id='word_1_22' title='bbox 344 771 467 837; x_wconf 80' lang='lat' dir='ltr'>innasci</span> <span class='ocrx_word' id='word_1_23' title='bbox 491 771 605 854; x_wconf 84' lang='lat' dir='ltr'><strong>quavis</strong></span> <span class='ocrx_word' id='word_1_24' title='bbox 626 771 658 834; x_wconf 93' lang='lat' dir='ltr'><strong>in</strong></span> <span class='ocrx_word' id='word_1_25' title='bbox 681 775 774 854; x_wconf 91' lang='lat' dir='ltr'><strong>parte</strong></span> <span class='ocrx_word' id='word_1_26' title='bbox 794 768 911 833; x_wconf 89' lang='lat' dir='ltr'><strong>soleret</strong></span> 
     </span>
     <span class='ocr_line' id='line_1_5' title="bbox 144 882 1201 967; baseline -0.005 -16"><span class='ocrx_word' id='word_1_27' title='bbox 144 888 272 952; x_wconf 86' lang='lat' dir='ltr'><strong>tandem</strong></span> <span class='ocrx_word' id='word_1_28' title='bbox 294 887 328 951; x_wconf 91' lang='lat' dir='ltr'><strong>in</strong></span> <span class='ocrx_word' id='word_1_29' title='bbox 350 886 463 951; x_wconf 89' lang='lat' dir='ltr'><strong>eodem</strong></span> <span class='ocrx_word' id='word_1_30' title='bbox 487 886 614 950; x_wconf 93' lang='lat' dir='ltr'><strong>homine</strong></span> <span class='ocrx_word' id='word_1_31' title='bbox 638 890 734 967; x_wconf 90' lang='lat' dir='ltr'><strong>atque</strong></span> <span class='ocrx_word' id='word_1_32' title='bbox 756 883 790 947; x_wconf 92' lang='lat' dir='ltr'><strong>in</strong></span> <span class='ocrx_word' id='word_1_33' title='bbox 813 882 925 947; x_wconf 90' lang='lat' dir='ltr'><strong>eodem</strong></span> <span class='ocrx_word' id='word_1_34' title='bbox 948 901 1026 947; x_wconf 90' lang='lat' dir='ltr'><strong>vase</strong></span> <span class='ocrx_word' id='word_1_35' title='bbox 1049 901 1201 948; x_wconf 86' lang='lat' dir='ltr'><strong>manere.</strong></span> 
     </span>
     <span class='ocr_line' id='line_1_6' title="bbox 144 1002 1146 1084; baseline -0.006 -19"><span class='ocrx_word' id='word_1_36' title='bbox 144 1002 401 1084; x_wconf 91' lang='lat' dir='ltr'><strong>quodquoniam</strong></span> <span class='ocrx_word' id='word_1_37' title='bbox 424 1005 532 1066; x_wconf 90' lang='lat' dir='ltr'><strong>nostro</strong></span> <span class='ocrx_word' id='word_1_38' title='bbox 557 1019 682 1082; x_wconf 91' lang='lat' dir='ltr'><strong>quoque</strong></span> <span class='ocrx_word' id='word_1_39' title='bbox 705 1003 828 1063; x_wconf 90' lang='lat' dir='ltr'><strong>eonstat</strong></span> <span class='ocrx_word' id='word_1_40' title='bbox 851 1015 985 1080; x_wconf 79' lang='lat' dir='ltr'><strong>corpore</strong></span> <span class='ocrx_word' id='word_1_41' title='bbox 1007 1002 1146 1074; x_wconf 86' lang='lat' dir='ltr'><strong>eertum,</strong></span> 
     </span>
     <span class='ocr_line' id='line_1_7' title="bbox 76 1111 1055 1199; baseline -0.006 -19"><span class='ocrx_word' id='word_1_42' title='bbox 76 1136 120 1183; x_wconf 80' lang='grc'><strong>999</strong></span> <span class='ocrx_word' id='word_1_43' title='bbox 145 1115 395 1199; x_wconf 91' lang='lat' dir='ltr'><strong>dispositumque</strong></span> <span class='ocrx_word' id='word_1_44' title='bbox 417 1116 543 1180; x_wconf 89' lang='lat' dir='ltr'><strong>videtur</strong></span> <span class='ocrx_word' id='word_1_45' title='bbox 565 1114 620 1178; x_wconf 92' lang='lat' dir='ltr'><strong>ubi</strong></span> <span class='ocrx_word' id='word_1_46' title='bbox 642 1132 714 1178; x_wconf 86' lang='lat' dir='ltr'><strong>esse</strong></span> <span class='ocrx_word' id='word_1_47' title='bbox 737 1118 768 1176; x_wconf 91' lang='lat' dir='ltr'><strong>et</strong></span> <span class='ocrx_word' id='word_1_48' title='bbox 790 1130 932 1176; x_wconf 83' lang='lat' dir='ltr'><strong>creseere</strong></span> <span class='ocrx_word' id='word_1_49' title='bbox 954 1111 1055 1194; x_wconf 80' lang='lat' dir='ltr'>possit</span> 
     </span>
     <span class='ocr_line' id='line_1_8' title="bbox 143 1223 1130 1311; baseline -0.007 -17"><span class='ocrx_word' id='word_1_50' title='bbox 143 1249 266 1295; x_wconf 92' lang='lat' dir='ltr'><strong>sorsum</strong></span> <span class='ocrx_word' id='word_1_51' title='bbox 290 1229 397 1293; x_wconf 88' lang='lat' dir='ltr'><strong>anima</strong></span> <span class='ocrx_word' id='word_1_52' title='bbox 419 1234 514 1310; x_wconf 89' lang='lat' dir='ltr'><strong>atque</strong></span> <span class='ocrx_word' id='word_1_53' title='bbox 537 1228 681 1311; x_wconf 88' lang='lat' dir='ltr'><strong>animus,</strong></span> <span class='ocrx_word' id='word_1_54' title='bbox 698 1233 786 1290; x_wconf 88' lang='lat' dir='ltr'><strong>tanto</strong></span> <span class='ocrx_word' id='word_1_55' title='bbox 807 1227 910 1308; x_wconf 83' lang='lat' dir='ltr'><strong>magis</strong></span> <span class='ocrx_word' id='word_1_56' title='bbox 931 1223 1130 1290; x_wconf 88' lang='lat' dir='ltr'><strong>infitiandum</strong></span> 
     </span>
     <span class='ocr_line' id='line_1_9' title="bbox 143 1340 933 1427; baseline -0.008 -19"><span class='ocrx_word' id='word_1_57' title='bbox 143 1350 243 1408; x_wconf 90' lang='lat' dir='ltr'><strong>totum</strong></span> <span class='ocrx_word' id='word_1_58' title='bbox 265 1363 362 1427; x_wconf 90' lang='lat' dir='ltr'><strong>posse</strong></span> <span class='ocrx_word' id='word_1_59' title='bbox 386 1349 476 1408; x_wconf 86' lang='lat' dir='ltr'><strong>extra</strong></span> <span class='ocrx_word' id='word_1_60' title='bbox 498 1361 613 1426; x_wconf 83' lang='lat' dir='ltr'><strong>corpus</strong></span> <span class='ocrx_word' id='word_1_61' title='bbox 635 1342 751 1407; x_wconf 86' lang='lat' dir='ltr'><strong>durare</strong></span> <span class='ocrx_word' id='word_1_62' title='bbox 773 1340 933 1422; x_wconf 84' lang='lat' dir='ltr'><strong>genique.</strong></span> 
     </span>
     <span class='ocr_line' id='line_1_10' title="bbox 144 1455 968 1542; baseline -0.004 -22"><span class='ocrx_word' id='word_1_63' title='bbox 144 1477 262 1538; x_wconf 85' lang='lat' dir='ltr'><strong>quare,</strong></span> <span class='ocrx_word' id='word_1_64' title='bbox 279 1477 395 1542; x_wconf 85' lang='lat' dir='ltr'><strong>eorpus</strong></span> <span class='ocrx_word' id='word_1_65' title='bbox 417 1456 471 1521; x_wconf 93' lang='lat' dir='ltr'><strong>ubi</strong></span> <span class='ocrx_word' id='word_1_66' title='bbox 494 1455 631 1540; x_wconf 86' lang='lat' dir='ltr'><strong>interiit,</strong></span> <span class='ocrx_word' id='word_1_67' title='bbox 648 1455 782 1541; x_wconf 90' lang='lat' dir='ltr'><strong>periisse</strong></span> <span class='ocrx_word' id='word_1_68' title='bbox 805 1458 968 1518; x_wconf 74' lang='lat' dir='ltr'><strong>necessest</strong></span> 
     </span>
     <span class='ocr_line' id='line_1_11' title="bbox 143 1569 1005 1652; baseline -0.003 -17"><span class='ocrx_word' id='word_1_69' title='bbox 143 1569 314 1636; x_wconf 78' lang='lat' dir='ltr'><strong>confiteare</strong></span> <span class='ocrx_word' id='word_1_70' title='bbox 337 1571 477 1635; x_wconf 87' lang='lat' dir='ltr'><strong>animam</strong></span> <span class='ocrx_word' id='word_1_71' title='bbox 500 1569 684 1634; x_wconf 80' lang='lat' dir='ltr'><strong>distractam</strong></span> <span class='ocrx_word' id='word_1_72' title='bbox 706 1569 739 1632; x_wconf 92' lang='lat' dir='ltr'><strong>in</strong></span> <span class='ocrx_word' id='word_1_73' title='bbox 762 1588 896 1652; x_wconf 79' lang='lat' dir='ltr'><strong>corpore</strong></span> <span class='ocrx_word' id='word_1_74' title='bbox 919 1573 1005 1632; x_wconf 91' lang='lat' dir='ltr'><strong>toto.</strong></span> 
     </span>
     <span class='ocr_line' id='line_1_12' title="bbox 73 1682 1088 1768; baseline -0.002 -20"><span class='ocrx_word' id='word_1_75' title='bbox 73 1703 119 1750; x_wconf 86' lang='grc'><strong>999</strong></span> <span class='ocrx_word' id='word_1_76' title='bbox 143 1685 261 1768; x_wconf 90' lang='lat' dir='ltr'><strong>quippe</strong></span> <span class='ocrx_word' id='word_1_77' title='bbox 285 1684 403 1749; x_wconf 87' lang='lat' dir='ltr'><strong>etenim</strong></span> <span class='ocrx_word' id='word_1_78' title='bbox 424 1682 557 1748; x_wconf 80' lang='lat' dir='ltr'><strong>mortale</strong></span> <span class='ocrx_word' id='word_1_79' title='bbox 580 1688 710 1749; x_wconf 86' lang='lat' dir='ltr'><strong>aeterno</strong></span> <span class='ocrx_word' id='word_1_80' title='bbox 732 1683 867 1764; x_wconf 84' lang='lat' dir='ltr'><strong>iungere</strong></span> <span class='ocrx_word' id='word_1_81' title='bbox 890 1688 921 1747; x_wconf 92' lang='lat' dir='ltr'><strong>et</strong></span> <span class='ocrx_word' id='word_1_82' title='bbox 942 1701 1006 1746; x_wconf 87' lang='lat' dir='ltr'><strong>una</strong></span> <span class='ocrx_word' id='word_1_83' title='bbox 1084 1755 1088 1766; x_wconf 23' lang='lat' dir='ltr'><strong>q</strong></span> 
     </span>
     <span class='ocr_line' id='line_1_13' title="bbox 142 1796 875 1882; baseline -0.001 -19"><span class='ocrx_word' id='word_1_84' title='bbox 142 1799 324 1865; x_wconf 78' lang='lat' dir='ltr'><strong>consentire</strong></span> <span class='ocrx_word' id='word_1_85' title='bbox 348 1804 461 1882; x_wconf 86' lang='lat' dir='ltr'><strong>putare</strong></span> <span class='ocrx_word' id='word_1_86' title='bbox 484 1802 515 1862; x_wconf 89' lang='lat' dir='ltr'><strong>et</strong></span> <span class='ocrx_word' id='word_1_87' title='bbox 536 1796 626 1881; x_wconf 86' lang='lat' dir='ltr'><strong>fungi</strong></span> <span class='ocrx_word' id='word_1_88' title='bbox 648 1803 756 1861; x_wconf 86' lang='lat' dir='ltr'><strong>mutua</strong></span> <span class='ocrx_word' id='word_1_89' title='bbox 778 1815 875 1881; x_wconf 91' lang='lat' dir='ltr'><strong>posse</strong></span> 
     </span>
     <span class='ocr_line' id='line_1_14' title="bbox 142 1910 1044 1996; baseline -0.001 -21"><span class='ocrx_word' id='word_1_90' title='bbox 142 1911 339 1996; x_wconf 86' lang='lat' dir='ltr'><strong>desiperest:</strong></span> <span class='ocrx_word' id='word_1_91' title='bbox 358 1911 434 1994; x_wconf 92' lang='lat' dir='ltr'><strong>quid</strong></span> <span class='ocrx_word' id='word_1_92' title='bbox 457 1911 540 1976; x_wconf 89' lang='lat' dir='ltr'><strong>enirn</strong></span> <span class='ocrx_word' id='word_1_93' title='bbox 563 1911 720 1976; x_wconf 79' lang='lat' dir='ltr'><strong>diversius</strong></span> <span class='ocrx_word' id='word_1_94' title='bbox 744 1930 814 1976; x_wconf 91' lang='lat' dir='ltr'><strong>esse</strong></span> <span class='ocrx_word' id='word_1_95' title='bbox 835 1910 1044 1994; x_wconf 81' lang='lat' dir='ltr'><strong>putandumst</strong></span> 
     </span>
     <span class='ocr_line' id='line_1_15' title="bbox 140 2023 1018 2108; baseline 0.001 -19"><span class='ocrx_word' id='word_1_96' title='bbox 140 2033 194 2090; x_wconf 88' lang='lat' dir='ltr'><strong>aut</strong></span> <span class='ocrx_word' id='word_1_97' title='bbox 217 2027 323 2108; x_wconf 85' lang='lat' dir='ltr'><strong>magis</strong></span> <span class='ocrx_word' id='word_1_98' title='bbox 345 2027 427 2092; x_wconf 90' lang='lat' dir='ltr'><strong>inter</strong></span> <span class='ocrx_word' id='word_1_99' title='bbox 449 2043 485 2090; x_wconf 92' lang='lat' dir='ltr'><strong>se</strong></span> <span class='ocrx_word' id='word_1_100' title='bbox 508 2023 699 2088; x_wconf 80' lang='lat' dir='ltr'><strong>disiunctum</strong></span> <span class='ocrx_word' id='word_1_101' title='bbox 724 2025 1018 2108; x_wconf 82' lang='lat' dir='ltr'><strong>discrepitansque,</strong></span> 
     </span>
     <span class='ocr_line' id='line_1_16' title="bbox 140 2138 1029 2223; baseline -0.001 -20"><span class='ocrx_word' id='word_1_102' title='bbox 140 2161 237 2223; x_wconf 90' lang='lat' dir='ltr'><strong>quam</strong></span> <span class='ocrx_word' id='word_1_103' title='bbox 260 2141 393 2205; x_wconf 86' lang='lat' dir='ltr'><strong>mortale</strong></span> <span class='ocrx_word' id='word_1_104' title='bbox 416 2138 501 2222; x_wconf 92' lang='lat' dir='ltr'><strong>quod</strong></span> <span class='ocrx_word' id='word_1_105' title='bbox 525 2143 572 2203; x_wconf 92' lang='lat' dir='ltr'><strong>est</strong></span> <span class='ocrx_word' id='word_1_106' title='bbox 593 2138 755 2202; x_wconf 87' lang='lat' dir='ltr'><strong>inmortali</strong></span> <span class='ocrx_word' id='word_1_107' title='bbox 777 2144 873 2220; x_wconf 86' lang='lat' dir='ltr'><strong>atque</strong></span> <span class='ocrx_word' id='word_1_108' title='bbox 895 2139 1029 2221; x_wconf 89' lang='lat' dir='ltr'><strong>perenni</strong></span> 
     </span>
     <span class='ocr_line' id='line_1_17' title="bbox 73 2250 1002 2334; baseline -0.003 -17"><span class='ocrx_word' id='word_1_109' title='bbox 73 2271 116 2318; x_wconf 84' lang='grc'><strong>999</strong></span> <span class='ocrx_word' id='word_1_110' title='bbox 140 2253 282 2320; x_wconf 92' lang='lat' dir='ltr'><strong>iunetum</strong></span> <span class='ocrx_word' id='word_1_111' title='bbox 303 2254 336 2317; x_wconf 94' lang='lat' dir='ltr'><strong>in</strong></span> <span class='ocrx_word' id='word_1_112' title='bbox 358 2254 492 2320; x_wconf 82' lang='lat' dir='ltr'><strong>coneilio</strong></span> <span class='ocrx_word' id='word_1_113' title='bbox 515 2271 630 2318; x_wconf 85' lang='lat' dir='ltr'><strong>saevas</strong></span> <span class='ocrx_word' id='word_1_114' title='bbox 652 2250 792 2315; x_wconf 86' lang='lat' dir='ltr'><strong>tolerare</strong></span> <span class='ocrx_word' id='word_1_115' title='bbox 813 2251 1002 2334; x_wconf 83' lang='lat' dir='ltr'><strong>proeellas?</strong></span> 
     </span>
     <span class='ocr_line' id='line_1_18' title="bbox 72 2364 1033 2449; baseline -0.003 -17"><span class='ocrx_word' id='word_1_116' title='bbox 72 2385 117 2434; x_wconf 80' lang='grc'><strong>999</strong></span> <span class='ocrx_word' id='word_1_117' title='bbox 142 2368 227 2449; x_wconf 93' lang='lat' dir='ltr'><strong>quod</strong></span> <span class='ocrx_word' id='word_1_118' title='bbox 250 2369 278 2434; x_wconf 91' lang='lat' dir='ltr'><strong>si</strong></span> <span class='ocrx_word' id='word_1_119' title='bbox 300 2368 382 2432; x_wconf 86' lang='lat' dir='ltr'><strong>sorte</strong></span> <span class='ocrx_word' id='word_1_120' title='bbox 404 2369 478 2433; x_wconf 92' lang='lat' dir='ltr'><strong>ideo</strong></span> <span class='ocrx_word' id='word_1_121' title='bbox 502 2366 605 2447; x_wconf 81' lang='lat' dir='ltr'><strong>magis</strong></span> <span class='ocrx_word' id='word_1_122' title='bbox 626 2364 812 2430; x_wconf 88' lang='lat' dir='ltr'><strong>immortalis</strong></span> <span class='ocrx_word' id='word_1_123' title='bbox 835 2365 1033 2443; x_wconf 86' lang='lat' dir='ltr'><strong>habendast,</strong></span> 
     </span>
     <span class='ocr_line' id='line_1_19' title="bbox 143 2479 894 2566; baseline -0.005 -18"><span class='ocrx_word' id='word_1_124' title='bbox 143 2482 229 2566; x_wconf 94' lang='lat' dir='ltr'><strong>quod</strong></span> <span class='ocrx_word' id='word_1_125' title='bbox 252 2483 402 2548; x_wconf 87' lang='lat' dir='ltr'><strong>letalibus</strong></span> <span class='ocrx_word' id='word_1_126' title='bbox 425 2483 467 2548; x_wconf 89' lang='lat' dir='ltr'><strong>ab</strong></span> <span class='ocrx_word' id='word_1_127' title='bbox 489 2481 585 2546; x_wconf 89' lang='lat' dir='ltr'><strong>rebus</strong></span> <span class='ocrx_word' id='word_1_128' title='bbox 607 2479 728 2543; x_wconf 86' lang='lat' dir='ltr'><strong>munita</strong></span> <span class='ocrx_word' id='word_1_129' title='bbox 750 2485 894 2561; x_wconf 90' lang='lat' dir='ltr'><strong>tenetur,</strong></span> 
     </span>
     <span class='ocr_line' id='line_1_20' title="bbox 141 2595 970 2680; baseline -0.002 -18"><span class='ocrx_word' id='word_1_130' title='bbox 141 2605 194 2662; x_wconf 87' lang='lat' dir='ltr'><strong>aut</strong></span> <span class='ocrx_word' id='word_1_131' title='bbox 218 2599 380 2680; x_wconf 92' lang='lat' dir='ltr'><strong>quianon</strong></span> <span class='ocrx_word' id='word_1_132' title='bbox 402 2597 533 2663; x_wconf 89' lang='lat' dir='ltr'><strong>veniunt</strong></span> <span class='ocrx_word' id='word_1_133' title='bbox 556 2595 682 2660; x_wconf 92' lang='lat' dir='ltr'><strong>omnino</strong></span> <span class='ocrx_word' id='word_1_134' title='bbox 706 2595 814 2660; x_wconf 88' lang='lat' dir='ltr'><strong>aliena</strong></span> <span class='ocrx_word' id='word_1_135' title='bbox 836 2595 970 2670; x_wconf 84' lang='lat' dir='ltr'><strong>salutis,</strong></span> 
     </span>
     <span class='ocr_line' id='line_1_21' title="bbox 142 2708 1005 2795; baseline -0.007 -17"><span class='ocrx_word' id='word_1_136' title='bbox 142 2720 196 2778; x_wconf 88' lang='lat' dir='ltr'><strong>aut</strong></span> <span class='ocrx_word' id='word_1_137' title='bbox 220 2715 295 2795; x_wconf 88' lang='lat' dir='ltr'><strong>quia</strong></span> <span class='ocrx_word' id='word_1_138' title='bbox 317 2733 400 2795; x_wconf 87' lang='lat' dir='ltr'><strong>quae</strong></span> <span class='ocrx_word' id='word_1_139' title='bbox 421 2711 553 2777; x_wconf 89' lang='lat' dir='ltr'><strong>veniunt</strong></span> <span class='ocrx_word' id='word_1_140' title='bbox 574 2709 684 2791; x_wconf 88' lang='lat' dir='ltr'><strong>aliqua</strong></span> <span class='ocrx_word' id='word_1_141' title='bbox 707 2708 829 2772; x_wconf 89' lang='lat' dir='ltr'><strong>ratione</strong></span> <span class='ocrx_word' id='word_1_142' title='bbox 852 2709 1005 2774; x_wconf 81' lang='lat' dir='ltr'><strong>recedunt</strong></span> 
     </span>
     <span class='ocr_line' id='line_1_22' title="bbox 141 2823 1061 2918; baseline -0.004 -26"><span class='ocrx_word' id='word_1_143' title='bbox 141 2829 237 2912; x_wconf 88' lang='lat' dir='ltr'><strong>pulsa</strong></span> <span class='ocrx_word' id='word_1_144' title='bbox 258 2829 347 2913; x_wconf 91' lang='lat' dir='ltr'><strong>prius</strong></span> <span class='ocrx_word' id='word_1_145' title='bbox 369 2847 465 2918; x_wconf 79' lang='lat' dir='ltr'><strong>quam</strong></span> <span class='ocrx_word' id='word_1_146' title='bbox 487 2824 565 2908; x_wconf 92' lang='lat' dir='ltr'><strong>quid</strong></span> <span class='ocrx_word' id='word_1_147' title='bbox 587 2829 723 2910; x_wconf 83' lang='lat' dir='ltr'><strong>noceant</strong></span> <span class='ocrx_word' id='word_1_148' title='bbox 745 2823 863 2889; x_wconf 88' lang='lat' dir='ltr'><strong>sentiro</strong></span> <span class='ocrx_word' id='word_1_149' title='bbox 886 2844 1061 2907; x_wconf 86' lang='lat' dir='ltr'><strong>queamus,</strong></span> 
     </span>
    </p>
   </div>
   <div class='ocr_carea' id='block_1_3' title="bbox 71 3053 1164 3940">
    <p class='ocr_par' dir='ltr' id='par_1_3' title="bbox 71 3053 1164 3940">
     <span class='ocr_line' id='line_1_23' title="bbox 141 3053 1164 3142; baseline -0.005 -21"><span class='ocrx_word' id='word_1_150' title='bbox 141 3062 271 3142; x_wconf 90' lang='lat' dir='ltr'><strong>praeter</strong></span> <span class='ocrx_word' id='word_1_151' title='bbox 293 3055 377 3120; x_wconf 90' lang='lat' dir='ltr'><strong>enirn</strong></span> <span class='ocrx_word' id='word_1_152' title='bbox 402 3074 498 3137; x_wconf 87' lang='lat' dir='ltr'><strong>quarn</strong></span> <span class='ocrx_word' id='word_1_153' title='bbox 522 3057 608 3136; x_wconf 93' lang='lat' dir='ltr'><strong>quod</strong></span> <span class='ocrx_word' id='word_1_154' title='bbox 632 3054 750 3120; x_wconf 92' lang='lat' dir='ltr'><strong>morbis</strong></span> <span class='ocrx_word' id='word_1_155' title='bbox 774 3074 846 3118; x_wconf 89' lang='lat' dir='ltr'><strong>oum</strong></span> <span class='ocrx_word' id='word_1_156' title='bbox 868 3053 1010 3136; x_wconf 86' lang='lat' dir='ltr'><strong>eorporis</strong></span> <span class='ocrx_word' id='word_1_157' title='bbox 1034 3057 1164 3136; x_wconf 75' lang='lat' dir='ltr'><strong>aegre,</strong></span> 
     </span>
     <span class='ocr_line' id='line_1_24' title="bbox 73 3166 970 3252; baseline -0.006 -17"><span class='ocrx_word' id='word_1_158' title='bbox 73 3190 118 3238; x_wconf 81' lang='grc'><strong>999</strong></span> <span class='ocrx_word' id='word_1_159' title='bbox 145 3171 277 3236; x_wconf 90' lang='lat' dir='ltr'><strong>advenit</strong></span> <span class='ocrx_word' id='word_1_160' title='bbox 298 3169 331 3233; x_wconf 92' lang='lat' dir='ltr'><strong>id</strong></span> <span class='ocrx_word' id='word_1_161' title='bbox 355 3170 440 3252; x_wconf 96' lang='lat' dir='ltr'><strong>quod</strong></span> <span class='ocrx_word' id='word_1_162' title='bbox 461 3187 533 3232; x_wconf 88' lang='lat' dir='ltr'><strong>eam</strong></span> <span class='ocrx_word' id='word_1_163' title='bbox 557 3167 597 3232; x_wconf 90' lang='lat' dir='ltr'><strong>de</strong></span> <span class='ocrx_word' id='word_1_164' title='bbox 619 3168 714 3232; x_wconf 91' lang='lat' dir='ltr'><strong>rebus</strong></span> <span class='ocrx_word' id='word_1_165' title='bbox 737 3187 834 3250; x_wconf 86' lang='lat' dir='ltr'><strong>saepe</strong></span> <span class='ocrx_word' id='word_1_166' title='bbox 856 3166 970 3232; x_wconf 83' lang='lat' dir='ltr'><strong>futuris</strong></span> 
     </span>
     <span class='ocr_line' id='line_1_25' title="bbox 141 3280 1062 3366; baseline -0.005 -16"><span class='ocrx_word' id='word_1_167' title='bbox 141 3289 285 3350; x_wconf 90' lang='lat' dir='ltr'><strong>maoerat</strong></span> <span class='ocrx_word' id='word_1_168' title='bbox 306 3285 402 3365; x_wconf 89' lang='lat' dir='ltr'><strong>inque</strong></span> <span class='ocrx_word' id='word_1_169' title='bbox 425 3288 509 3349; x_wconf 90' lang='lat' dir='ltr'><strong>metu</strong></span> <span class='ocrx_word' id='word_1_170' title='bbox 531 3281 615 3347; x_wconf 89' lang='lat' dir='ltr'><strong>male</strong></span> <span class='ocrx_word' id='word_1_171' title='bbox 638 3280 735 3347; x_wconf 90' lang='lat' dir='ltr'><strong>habet</strong></span> <span class='ocrx_word' id='word_1_172' title='bbox 757 3281 905 3364; x_wconf 91' lang='lat' dir='ltr'><strong>ourisque</strong></span> <span class='ocrx_word' id='word_1_173' title='bbox 928 3281 1062 3366; x_wconf 84' lang='lat' dir='ltr'><strong>fatigat,</strong></span> 
     </span>
     <span class='ocr_line' id='line_1_26' title="bbox 143 3395 1040 3488; baseline -0.004 -24"><span class='ocrx_word' id='word_1_174' title='bbox 143 3399 385 3484; x_wconf 87' lang='lat' dir='ltr'><strong>praeteritisque</strong></span> <span class='ocrx_word' id='word_1_175' title='bbox 408 3397 492 3462; x_wconf 88' lang='lat' dir='ltr'><strong>male</strong></span> <span class='ocrx_word' id='word_1_176' title='bbox 506 3395 661 3488; x_wconf 38' lang='lat' dir='ltr'><strong>‚admissis</strong></span> <span class='ocrx_word' id='word_1_177' title='bbox 683 3403 816 3480; x_wconf 82' lang='lat' dir='ltr'><strong>peecata</strong></span> <span class='ocrx_word' id='word_1_178' title='bbox 838 3397 1040 3464; x_wconf 89' lang='lat' dir='ltr'><strong>remordent.</strong></span> 
     </span>
     <span class='ocr_line' id='line_1_27' title="bbox 143 3511 1098 3595; baseline -0.007 -15"><span class='ocrx_word' id='word_1_179' title='bbox 143 3515 226 3580; x_wconf 89' lang='lat' dir='ltr'><strong>adde</strong></span> <span class='ocrx_word' id='word_1_180' title='bbox 249 3513 387 3579; x_wconf 85' lang='lat' dir='ltr'><strong>furorem</strong></span> <span class='ocrx_word' id='word_1_181' title='bbox 409 3512 507 3578; x_wconf 89' lang='lat' dir='ltr'><strong>animi</strong></span> <span class='ocrx_word' id='word_1_182' title='bbox 529 3511 691 3595; x_wconf 93' lang='lat' dir='ltr'><strong>proprium</strong></span> <span class='ocrx_word' id='word_1_183' title='bbox 714 3517 811 3593; x_wconf 88' lang='lat' dir='ltr'><strong>atque</strong></span> <span class='ocrx_word' id='word_1_184' title='bbox 835 3511 953 3577; x_wconf 87' lang='lat' dir='ltr'><strong>oblivia</strong></span> <span class='ocrx_word' id='word_1_185' title='bbox 975 3529 1098 3587; x_wconf 90' lang='lat' dir='ltr'><strong>rerum,</strong></span> 
     </span>
     <span class='ocr_line' id='line_1_28' title="bbox 142 3624 1000 3712; baseline -0.007 -18"><span class='ocrx_word' id='word_1_186' title='bbox 142 3630 228 3694; x_wconf 89' lang='lat' dir='ltr'><strong>adde</strong></span> <span class='ocrx_word' id='word_1_187' title='bbox 252 3629 338 3711; x_wconf 92' lang='lat' dir='ltr'><strong>quod</strong></span> <span class='ocrx_word' id='word_1_188' title='bbox 360 3628 393 3692; x_wconf 90' lang='lat' dir='ltr'><strong>in</strong></span> <span class='ocrx_word' id='word_1_189' title='bbox 415 3627 522 3712; x_wconf 84' lang='lat' dir='ltr'><strong>nigras</strong></span> <span class='ocrx_word' id='word_1_190' title='bbox 544 3625 680 3708; x_wconf 82' lang='lat' dir='ltr'><strong>lethargi</strong></span> <span class='ocrx_word' id='word_1_191' title='bbox 703 3627 857 3708; x_wconf 84' lang='lat' dir='ltr'><strong>mergitur</strong></span> <span class='ocrx_word' id='word_1_192' title='bbox 878 3624 1000 3690; x_wconf 89' lang='lat' dir='ltr'><strong>undas.</strong></span> 
     </span>
     <span class='ocr_line' id='line_1_29' title="bbox 71 3739 1106 3827; baseline -0.004 -19"><span class='ocrx_word' id='word_1_193' title='bbox 71 3762 117 3810; x_wconf 88' lang='grc'><strong>999</strong></span> <span class='ocrx_word' id='word_1_194' title='bbox 183 3744 240 3808; x_wconf 91' lang='lat' dir='ltr'><strong>Nil</strong></span> <span class='ocrx_word' id='word_1_195' title='bbox 261 3743 357 3827; x_wconf 83' lang='lat' dir='ltr'><strong>igitur</strong></span> <span class='ocrx_word' id='word_1_196' title='bbox 378 3762 464 3807; x_wconf 88' lang='lat' dir='ltr'><strong>mors</strong></span> <span class='ocrx_word' id='word_1_197' title='bbox 488 3747 536 3806; x_wconf 90' lang='lat' dir='ltr'><strong>est</strong></span> <span class='ocrx_word' id='word_1_198' title='bbox 558 3739 602 3805; x_wconf 86' lang='lat' dir='ltr'><strong>ad</strong></span> <span class='ocrx_word' id='word_1_199' title='bbox 623 3760 683 3806; x_wconf 90' lang='lat' dir='ltr'><strong>nos</strong></span> <span class='ocrx_word' id='word_1_200' title='bbox 705 3761 809 3823; x_wconf 92' lang='lat' dir='ltr'><strong>neque</strong></span> <span class='ocrx_word' id='word_1_201' title='bbox 831 3741 966 3825; x_wconf 89' lang='lat' dir='ltr'><strong>pertinet</strong></span> <span class='ocrx_word' id='word_1_202' title='bbox 988 3741 1106 3817; x_wconf 81' lang='lat' dir='ltr'><strong>hilum,</strong></span> 
     </span>
     <span class='ocr_line' id='line_1_30' title="bbox 141 3854 997 3940; baseline -0.007 -18"><span class='ocrx_word' id='word_1_203' title='bbox 141 3857 399 3940; x_wconf 88' lang='lat' dir='ltr'><strong>quandoquidem</strong></span> <span class='ocrx_word' id='word_1_204' title='bbox 422 3862 536 3922; x_wconf 88' lang='lat' dir='ltr'><strong>natura</strong></span> <span class='ocrx_word' id='word_1_205' title='bbox 558 3854 655 3920; x_wconf 88' lang='lat' dir='ltr'><strong>animi</strong></span> <span class='ocrx_word' id='word_1_206' title='bbox 676 3855 821 3919; x_wconf 88' lang='lat' dir='ltr'><strong>mortalis</strong></span> <span class='ocrx_word' id='word_1_207' title='bbox 842 3854 997 3921; x_wconf 89' lang='lat' dir='ltr'><strong>habetur.</strong></span> 
     </span>
    </p>
   </div>
   <div class='ocr_carea' id='block_1_4' title="bbox 143 4147 1265 4402">
    <p class='ocr_par' dir='ltr' id='par_1_4' title="bbox 143 4147 1265 4402">
     <span class='ocr_line' id='line_1_31' title="bbox 146 4147 1265 4226; baseline -0.008 -20"><span class='ocrx_word' id='word_1_208' title='bbox 146 4161 195 4209; x_wconf 82' lang='grc'><strong>790</strong></span> <span class='ocrx_word' id='word_1_209' title='bbox 215 4159 290 4221; x_wconf 84' lang='lat' dir='ltr'><strong>Quod</strong></span> <span class='ocrx_word' id='word_1_210' title='bbox 311 4154 324 4226; x_wconf 86' lang='grc' dir='ltr'><strong>ΙΙ</strong></span> <span class='ocrx_word' id='word_1_211' title='bbox 346 4159 395 4207; x_wconf 86' lang='grc'><strong>798</strong></span> <span class='ocrx_word' id='word_1_212' title='bbox 412 4159 505 4221; x_wconf 85' lang='lat' dir='ltr'><strong>perisse</strong></span> <span class='ocrx_word' id='word_1_213' title='bbox 526 4156 538 4225; x_wconf 73' lang='lat' dir='ltr'><strong>ll</strong></span> <span class='ocrx_word' id='word_1_214' title='bbox 559 4159 610 4206; x_wconf 85' lang='lat'><strong>800</strong></span> <span class='ocrx_word' id='word_1_215' title='bbox 628 4156 761 4205; x_wconf 84' lang='lat' dir='ltr'><strong>mortalem</strong></span> <span class='ocrx_word' id='word_1_216' title='bbox 786 4152 799 4223; x_wconf 73' lang='lat' dir='ltr'><strong>ll</strong></span> <span class='ocrx_word' id='word_1_217' title='bbox 823 4157 874 4204; x_wconf 87' lang='lat'><strong>804</strong></span> <span class='ocrx_word' id='word_1_218' title='bbox 893 4153 1015 4217; x_wconf 80' lang='lat' dir='ltr'><strong>perenni.</strong></span> <span class='ocrx_word' id='word_1_219' title='bbox 1041 4148 1054 4219; x_wconf 75' lang='grc' dir='ltr'>Η</span> <span class='ocrx_word' id='word_1_220' title='bbox 1080 4151 1130 4200; x_wconf 81' lang='lat'><strong>805</strong></span> <span class='ocrx_word' id='word_1_221' title='bbox 1150 4150 1231 4198; x_wconf 85' lang='lat' dir='ltr'><strong>salvas</strong></span> <span class='ocrx_word' id='word_1_222' title='bbox 1253 4147 1265 4214; x_wconf 78' lang='grc' dir='ltr'><em>Η</em></span> 
     </span>
     <span class='ocr_line' id='line_1_32' title="bbox 144 4233 1264 4312; baseline -0.004 -22"><span class='ocrx_word' id='word_1_223' title='bbox 144 4246 532 4307; x_wconf 70' lang='grc'><strong>996-919;9,991-963.</strong></span> <span class='ocrx_word' id='word_1_224' title='bbox 553 4241 566 4312; x_wconf 83' lang='grc' dir='ltr'><strong>ΙΙ</strong></span> <span class='ocrx_word' id='word_1_225' title='bbox 590 4245 640 4296; x_wconf 83' lang='grc'><strong>890</strong></span> <span class='ocrx_word' id='word_1_226' title='bbox 659 4241 778 4293; x_wconf 74' lang='lat' dir='ltr'><strong>vitalibus</strong></span> <span class='ocrx_word' id='word_1_227' title='bbox 799 4239 812 4311; x_wconf 70' lang='lat' dir='ltr'><strong>lt</strong></span> <span class='ocrx_word' id='word_1_228' title='bbox 833 4242 883 4291; x_wconf 84' lang='grc'><strong>994</strong></span> <span class='ocrx_word' id='word_1_229' title='bbox 901 4238 1008 4288; x_wconf 86' lang='lat' dir='ltr'><strong>morbist</strong></span> <span class='ocrx_word' id='word_1_230' title='bbox 1028 4235 1041 4306; x_wconf 71' lang='lat' dir='ltr'><strong>lt</strong></span> <span class='ocrx_word' id='word_1_231' title='bbox 1060 4237 1159 4301; x_wconf 72' lang='lat' dir='ltr'><strong>aegris.</strong></span> <span class='ocrx_word' id='word_1_232' title='bbox 1181 4233 1194 4304; x_wconf 75' lang='lat' dir='ltr'><strong>tt</strong></span> <span class='ocrx_word' id='word_1_233' title='bbox 1214 4238 1264 4286; x_wconf 83' lang='grc'><strong>896</strong></span> 
     </span>
     <span class='ocr_line' id='line_1_33' title="bbox 143 4330 447 4402; baseline 0.007 -21"><span class='ocrx_word' id='word_1_234' title='bbox 143 4333 256 4382; x_wconf 81' lang='lat' dir='ltr'><strong>Maceret</strong></span> <span class='ocrx_word' id='word_1_235' title='bbox 275 4330 289 4402; x_wconf 71' lang='lat' dir='ltr'><strong>ll</strong></span> <span class='ocrx_word' id='word_1_236' title='bbox 309 4334 359 4382; x_wconf 80' lang='lat'><strong>829</strong></span> <span class='ocrx_word' id='word_1_237' title='bbox 378 4331 447 4383; x_wconf 90' lang='lat' dir='ltr'><strong>Addi</strong></span> 
     </span>
    </p>
   </div>
   <div class='ocr_carea' id='block_1_5' title="bbox 0 0 1574 5036">
    <p class='ocr_par' dir='ltr' id='par_1_5' title="bbox 0 0 1574 5036">
     <span class='ocr_line' id='line_1_34' title="bbox 0 0 1574 5036; baseline 0 0"><span class='ocrx_word' id='word_1_238' title='bbox 0 0 1574 5036; x_wconf 95' lang='lat' dir='ltr'><strong> </strong></span> 
     </span>
    </p>
   </div>
  </div>
 </body>
</html>
