3108 5034
318 457 359 521 58
648 519 657 534 ,
863 451 893 516 11

244 642 294 691 535
321 624 420 688 multu
442 625 516 690 licet
537 643 654 708 genere
677 641 747 688 esse
770 621 803 686 in
827 642 865 687 eo
888 639 1116 704 numerumque
1138 621 1274 707 repler·i;

321 739 400 802 sicut
423 737 650 821 quadripedum
674 736 876 821 cumprimis
900 754 971 799 esse
993 736 1138 800 videmus

320 852 353 916 in
376 871 493 936 genere
516 851 725 932 anguimanus
748 850 956 935 elephantos,
974 849 1065 914 India
1088 869 1218 932 quorum

320 966 447 1032 milibus
470 984 488 1030 5
511 965 619 1029 multis
641 965 725 1029 vallo
750 965 888 1028 munitur
909 965 1049 1048 eburno,

319 1085 353 1144 ut
375 1080 502 1164 penitus
526 1086 664 1161 nequeat
686 1081 868 1164 penetrari:
887 1085 976 1142 tanta
998 1079 1134 1142 ferarum

246 1215 296 1262 540
321 1195 369 1260 vis
392 1201 607 1277 cst;qua1·um
631 1213 689 1258 uos
711 1197 875 1278 perpauca
898 1195 1045 1278 exempla
1067 1193 1233 1258 ridemus.
1278 1217 1282 1226 ·

320 1308 377 1373 sed
400 1313 507 1372 tamen
529 1309 562 1371 id
586 1327 711 1390 quoque
733 1307 778 1371 uti
802 1307 996 1392 concedam,
1015 1329 1109 1391 quam
1132 1307 1219 1371 lubet
1240 1310 1310 1370 esto

319 1422 413 1488 unica
436 1442 488 1487 res
511 1424 666 1504 quaedam
689 1423 796 1486 nativo
821 1441 954 1506 corpore
979 1422 1068 1504 sola,

320 1536 368 1599 cui
392 1536 505 1600 similis
527 1542 593 1600 toto
615 1542 768 1600 terrarum
793 1537 880 1600 nulla
902 1537 942 1601 sit
965 1537 1056 1600 orbi:

319 1648 443 1712 infinita
466 1656 571 1714 tamen
594 1650 655 1713 nisi
678 1650 738 1713 erit
760 1651 809 1714 vis
832 1651 995 1732 materiei,

246 1783 295 1829 555
323 1762 407 1827 unde
430 1783 468 1828 ea
491 1765 639 1846 progigni
661 1765 763 1848 possit
785 1771 958 1848 concepta,
976 1764 1081 1828 creari

281 1937 287 1953 ,
319 1896 383 1940 555
405 1878 540 1959 poterit,
557 1896 682 1959 neque,
700 1880 784 1959 quod
809 1899 903 1961 super
926 1883 996 1961 est,
1013 1897 1217 1962 procrescere
1239 1877 1367 1959 alique.

321 1990 439 2073 quippe
462 1991 576 2056 etenim
601 1993 627 2056 si
652 1993 839 2057 manticuler
862 1993 948 2056 linita
970 2013 1028 2076 per
1051 2011 1144 2056 omne

321 2123 456 2187 corpora
478 2105 591 2170 iactari
615 2107 707 2172 unius
729 2107 883 2190 genitalia
905 2108 974 2184 rei,

318 2217 403 2282 unde
426 2195 478 2284 ubi
503 2241 565 2301 qua
587 2223 617 2285 vi
641 2229 671 2284 et
694 2243 755 2304 quo
779 2228 872 2306 pacto
896 2241 1071 2305 congressa
1094 2221 1223 2285 coibunt

244 2353 294 2400 555
320 2335 473 2398 materiae
497 2341 584 2399 tanto
608 2336 640 2399 in
663 2338 781 2419 pelago
804 2337 960 2416 turbaque
984 2335 1118 2398 aliena?

321 2469 404 2530 non,
421 2457 455 2512 ut
478 2450 610 2532 opinor,
627 2450 747 2515 habent
768 2452 920 2514 rationem
945 2449 1155 2513 conciliandi:

319 2561 377 2627 sed
400 2563 489 2644 quasi
511 2565 688 2645 naufragiis
712 2565 838 2646 magnis
861 2565 1032 2645 multisque
1055 2563 1172 2627 coortis

321 2677 489 2742 disiectare
513 2680 595 2744 solet
618 2697 780 2761 magnum
787 2699 878 2774 ruere
900 2685 1056 2761 transtra,
1073 2679 1237 2760 guberna,

320 2798 508 2875 antemnas,
525 2814 673 2877 proram,
690 2794 814 2873 malos,
831 2800 1003 2873 tonsasque
1027 2792 1183 2876 natantis,

245 2929 294 2974 555
320 2928 378 2992 per
399 2915 552 2971 terrarum
576 2907 679 2970 omnis
703 2926 777 2970 oras
797 2905 953 2969 fluitantia
977 2907 1120 2989 aplustra

320 3027 354 3084 ut
376 3020 543 3084 videantur
565 3027 596 3085 et
618 3020 768 3084 indicium
791 3021 976 3085 mortalibus
999 3023 1115 3097 edant,

320 3135 409 3198 infidi
432 3134 528 3199 maris
552 3136 685 3201 insidias
707 3137 847 3216 virisque
870 3136 1041 3218 dolumque

224 3235 226 3240 ’
321 3257 354 3312 ut
376 3249 477 3313 vitare
500 3249 617 3333 velint,
635 3267 714 3313 neve
737 3251 802 3314 ullo
824 3255 968 3332 tempore
993 3248 1145 3331 credant,

321 3363 458 3428 subdola
481 3384 550 3426 cum
572 3363 654 3426 ridet
675 3363 795 3445 placidi
819 3363 957 3446 pellacia
979 3365 1087 3446 ponti,

246 3497 296 3544 555
322 3478 367 3540 sic
389 3477 446 3539 tibi
470 3478 496 3540 si
519 3477 608 3540 linita
632 3477 730 3541 semel
753 3477 929 3559 primordia
952 3477 1110 3557 quaedam

321 3590 512 3666 constitues,
531 3610 641 3653 aevom
666 3589 826 3656 debebunt
848 3611 962 3674 sparsa
984 3610 1040 3673 per
1064 3607 1189 3654 omnem

322 3703 490 3768 disiectare
513 3710 619 3768 aestus
643 3704 759 3769 diversi
781 3705 948 3788 materiai,

321 3838 492 3900 numquam
515 3818 547 3881 in
570 3819 737 3882 concilium
760 3827 793 3883 ut
815 3819 937 3902 possint
959 3819 1123 3902 compulsa
1145 3817 1231 3883 coire

321 3950 381 3996 nec
405 3931 558 3996 remorari
579 3933 611 3995 in
635 3933 769 3998 concilio
793 3954 851 3998 nec
874 3953 1017 3998 crescere
1040 3933 1196 4013 adaucta3

247 4064 297 4112 555
323 4066 455 4127 quorum
478 4053 643 4131 utrumque
666 4047 775 4131 palam
798 4048 867 4113 fieri
889 4046 1060 4112 manifesta
1082 4048 1176 4112 docet
1197 4066 1267 4122 res,

324 4213 525 4223 *μ’-

326 4313 376 4360 535
390 4328 483 4375 genera
502 4311 515 4379 11
538 4317 587 4363 536
601 4314 693 4365 Sicuti
710 4314 722 4381 ΙΙ
738 4317 786 4364 541
802 4315 887 4363 iubet.
910 4309 922 4382 11
943 4315 993 4362 543
1006 4315 1077 4362 nulls
1089 4313 1228 4363 omissum.
1250 4307 1263 4378 11
1283 4313 1332 4360 547
1347 4319 1449 4360 sumant

326 4398 393 4445 oculi
415 4397 427 4465 ΙΙ
449 4402 499 4448 553
519 4415 642 4449 caverna.
664 4401 675 4466 11
697 4403 748 4450 554
766 4415 867 4463 prorem
886 4398 899 4468 11
921 4401 970 4449 555
989 4400 1118 4462 plaustra.
1140 4393 1153 4464 11
1174 4397 1225 4447 560
1243 4397 1344 4446 infinita

1339 4483 1350 4506 0
