3140 5032
709 395 736 456 V

161 561 205 624 nil
227 565 337 626 tamen
361 567 409 626 est
432 562 515 645 sigui
540 563 656 626 mixtas
679 563 819 646 potuisse
843 563 946 627 creari

161 675 245 740 inter
266 694 301 740 se
323 676 463 759 pecudes
487 681 718 758 compactaque
740 676 883 740 membra
906 676 1120 761 animantum,

82 809 137 856 920
163 795 334 872 propterea
357 789 433 871 quia
454 808 537 871 quae
561 789 600 854 de
623 789 716 854 terris
738 807 821 852 nuno
844 787 972 880 qubque
995 791 1159 855 abundant

163 901 331 966 herbarum
354 923 535 986 generaco
557 902 665 986 fruges
688 903 879 984 arbustaque
902 902 987 966 laeta

161 1035 226 1080 non
248 1023 354 1080 tamen
376 1018 456 1082 inter
479 1037 513 1082 se
536 1023 669 1101 possunt
692 1017 859 1100 complexa
882 1015 1004 1094 creari,

163 1130 221 1194 sed
244 1129 292 1194 vis
315 1150 462 1212 quaeque
486 1151 542 1196 suo
565 1131 628 1194 ritu
648 1111 811 1215 procedit,
830 1135 861 1194 et
884 1149 995 1194 ornnes
1102 1196 1105 1205 ι

163 1242 294 1309 loedere
318 1250 452 1310 naturae
476 1250 562 1310 certo
586 1243 771 1308 discrimina
793 1252 943 1309 servant.

82 1378 136 1425 925
208 1347 373 1441 At'genus
396 1359 569 1423 humanum
591 1359 690 1421 multo
713 1357 770 1420 luit
791 1357 871 1420 illud
893 1358 927 1420 in
950 1358 1034 1422 arvis

164 1471 294 1548 durius,
310 1478 345 1535 ut
366 1473 490 1556 decuit,
506 1473 602 1537 tellus
626 1471 711 1552 quod
735 1471 816 1535 dura
839 1479 999 1549 creasset,

163 1592 195 1650 et
217 1585 390 1651 maioribus
413 1593 444 1651 et
466 1586 577 1651 solidis
598 1588 702 1668 magis
727 1586 853 1651 ossibus
875 1585 961 1649 intus

164 1699 351 1784 fundatum,
368 1700 485 1765 validis
507 1706 616 1783 aptum
638 1719 696 1784 per
718 1701 841 1764 viscera
863 1699 990 1774 nervis,

163 1834 223 1880 nec
246 1813 341 1879 facilc
363 1833 403 1878 ex
425 1819 517 1880 aestu
539 1835 597 1878 nec
619 1813 740 1895 frigore
762 1813 849 1894 quod
872 1820 1056 1898 caperetur,

86 1951 139 1998 930
166 1949 225 1994 neo
246 1928 388 1994 novitate
412 1927 474 1994 cibi
497 1947 557 1992 nec
579 1928 646 1992 labi
669 1929 811 2012 corporis
834 1929 921 1992 ulla.

164 2044 329 2126 multaque
351 2063 409 2126 per
431 2043 553 2107 caelum
577 2043 654 2107 solis
676 2041 838 2106 volventia
860 2043 961 2107 lustra

165 2157 339 2240 volgivago
362 2158 460 2221 vitam
482 2157 663 2220 tractabant
684 2175 771 2220 more
794 2155 954 2218 ferarum.

163 2268 225 2337 ned
244 2271 394 2336 robustus
417 2275 485 2334 crat
508 2270 595 2334 curvi
619 2269 799 2334 moderator
822 2269 921 2332 aratri

164 2387 353 2469 quisquam,
370 2404 430 2450 nec
453 2384 554 2450 scibat
575 2383 665 2462 ferro,
681 2383 824 2448 molirier
847 2402 926 2447 arva

89 2521 140 2570 999
164 2519 227 2572 nec
245 2520 330 2564 nova
354 2497 506 2563 defodere
531 2499 705 2563 interram
728 2497 866 2580 virgulta
888 2516 991 2578 neque
1014 2495 1088 2560 altis

167 2614 334 2680 arboribus
356 2619 482 2678 veteres
506 2613 656 2678 decidere
679 2611 806 2676 lalcibu’
830 2633 958 2676 ramos.

167 2728 254 2810 quod
277 2728 325 2792 sol
348 2732 444 2809 atque
467 2727 585 2792 imbres
609 2715 783 2810 dederant,
801 2726 887 2807 quod
909 2733 996 2790 terra
1019 2728 1144 2790 crearat

166 2848 279 2927 sponte
303 2861 382 2925 sua,
399 2839 478 2906 satis
499 2840 534 2904 id
556 2840 706 2924 placabat
728 2847 860 2925 pectora
882 2840 1021 2905 donum.

168 2955 366 3037 glandiferas
388 2955 472 3020 inter
495 2957 649 3020 curabant
671 2976 807 3041 corpora
830 2975 966 3038 quercus

90 3092 141 3138 940
166 3071 374 3154 plerumque:
392 3076 423 3134 91
446 3089 529 3150 quac
551 3090 635 3135 nuno
657 3071 788 3136 hiberno
812 3077 954 3152 tempore
978 3066 1081 3133 cernis

167 3185 270 3248 arbita
293 3182 427 3267 puniceo
450 3183 519 3248 fleri
541 3190 667 3248 matura
691 3185 819 3260 colore,

167 3299 304 3384 plurima
325 3303 390 3361 tum
414 3297 508 3364 tellus
532 3299 627 3364 etiam
650 3299 774 3363 maiora
797 3297 943 3362 ferebat.

166 3413 329 3494 multaque
352 3419 522 3497 praetcrea
544 3413 672 3478 novitas
693 3417 759 3476 tum
782 3411 898 3477 florida
919 3409 1030 3474 mundi

165 3528 286 3611 pabula
308 3527 389 3590 dura
411 3526 501 3602 tulit,
519 3527 642 3592 miseris
664 3526 851 3592 mortalibus
874 3525 1001 3610 ampla.

92 3661 142 3709 945
157 3647 202 3726 lat
225 3639 340 3706 sedare
363 3641 447 3706 sitim
470 3641 557 3706 fluvii
580 3643 747 3723 fontesque
769 3641 947 3722 vocabant,

166 3761 201 3818 ut
222 3774 307 3818 nunc
328 3756 487 3820 montibus
509 3775 527 3820 e
549 3757 677 3838 magnis
699 3756 853 3822 decursus
877 3755 974 3836 aquai

168 3868 327 3952 clarigitat
348 3869 413 3933 laic
435 3868 575 3936 sitientia
597 3870 707 3934 saecla
728 3867 890 3934 ferarum.

170 3975 309 4064 denique
332 3987 411 4048 nota
432 3981 508 4064 vagi
531 3980 690 4046 silvestria
711 3981 832 4063 templa
852 3978 1003 4043 tenebant

173 4258 223 4306 933
243 4253 293 4306 Sed
311 4255 332 4304 si
354 4251 366 4319 ll
388 4254 437 4303 925
457 4251 489 4300 Et
509 4247 522 4318 ll
543 4251 593 4300 999
613 4250 698 4298 arari.
719 4245 733 4316 ΙΙ
754 4251 804 4298 934
822 4245 950 4296 mollerier
970 4241 982 4310 ll
1006 4247 1056 4300 933
1075 4247 1186 4310 virgnita
1205 4243 1218 4313 Η
1240 4248 1288 4300 937
1372 4266 1374 4270 ⁴

172 4349 305 4397 crearent.
327 4339 339 4412 ll
361 4343 412 4390 944
431 4339 487 4388 dira
508 4335 520 4411 ll
542 4340 591 4388 947
611 4332 800 4388 claricitaniate'
817 4333 830 4404 ll
851 4335 901 4384 948
919 4332 991 4403 vagis
