3108 5034
662 401 712 464 111

1 648 2 658 χ
125 576 296 654 conspectu
321 590 361 636 ex
383 570 566 653 hominum,
582 569 705 634 foedati
728 569 859 634 erimine
881 570 984 653 turpi,
1084 573 1086 578 ’

1 665 2 757 Η
67 704 101 750 ac
127 684 273 749 omnibus
297 684 437 749 erumnis
459 682 574 747 adfecti
599 683 736 764 denique
761 683 892 760 vivunt,

1 771 2 802 Η
126 804 157 862 ct
180 819 241 879 quc
265 817 401 879 cumque
423 803 531 861 tamen
553 795 661 860 miseri
683 814 801 860 venere
824 800 994 879 parentant
1071 811 1073 816 ·

126 919 157 978 et
180 913 288 996 nigras
309 917 452 976 mactant
472 911 614 994 pecudes
638 914 669 975 et
693 909 830 975 manibu'
854 909 936 974 divis

125 1027 254 1092 inferias
277 1027 422 1105 mittunt,
442 1027 603 1106 multoque
624 1024 657 1087 in
680 1024 775 1089 rebus
798 1024 923 1089 acerbis
998 1015 1000 1018 ’

126 1141 230 1206 acrius
254 1139 420 1204 advertunt
442 1138 565 1202 animos
589 1137 633 1201 ad
656 1138 863 1221 religionem.

66 1266 100 1322 55
128 1274 190 1336 quo
215 1254 316 1338 magis
339 1254 371 1317 iu
396 1253 501 1319 dubiis
524 1253 685 1318 hominem
709 1259 854 1337 spectare
877 1251 1007 1335 periclis

127 1368 277 1434 convenit
299 1367 507 1449 adversisque
529 1367 560 1430 iu
583 1368 680 1433 rebus
702 1385 835 1430 noscere
858 1367 911 1448 qui
934 1367 993 1431 sit:

128 1501 203 1545 nam
225 1501 323 1546 verae
345 1501 442 1547 voces
465 1487 531 1546 turn
553 1481 679 1546 demum
702 1487 831 1565 pectore
854 1483 894 1546 ab
916 1481 979 1544 imo

128 1596 300 1674 eiciuntur,
318 1603 350 1659 et
370 1595 502 1678 eripitur
523 1615 681 1679 persona,
698 1602 807 1660 manet
828 1615 900 1660 res.

128 1709 265 1790 denique
288 1709 439 1774 avarities
462 1715 493 1774 et
516 1709 671 1775 honorum
696 1730 795 1776 caeca
817 1710 953 1796 cupido,

67 1845 101 1892 eo
128 1843 212 1905 quae
236 1824 368 1889 miseros
390 1824 535 1889 homines
560 1831 678 1907 cogunt
700 1824 926 1890 transcendere
947 1823 1027 1890 fines

127 1939 203 2004 iuris
226 1945 257 2003 ct
278 1938 359 2003 inter
384 1938 455 2002 dum
480 1940 585 2004 socios
608 1937 770 2006 scelerum'
787 1946 884 2022 atque
909 1940 1069 2004 ministros

126 2058 236 2118 noctes
258 2059 354 2134 atque
377 2053 446 2118 dies
468 2054 526 2118 uiti
549 2061 732 2138 praestante
754 2055 889 2119 labore·

126 2166 168 2230 ad
190 2187 331 2233 summas
354 2186 519 2249 emergere
541 2187 620 2251 opes
633 2219 640 2245 ‚
655 2167 738 2231 haec
758 2170 893 2232 vulnera
914 2169 999 2233 ritae
1038 2162 1041 2167 ’

128 2303 191 2347 non
215 2281 377 2345 minimam
400 2287 521 2364 partem
543 2281 655 2346 mortis
677 2279 848 2346 formidine
871 2282 1018 2345 aluntur.

64 2417 100 2464 65
127 2387 230 2480 turpis
252 2396 336 2460 euim
359 2396 458 2460 ferme
482 2401 679 2478 contemptus
702 2401 733 2459 et
755 2395 839 2460 acris
862 2401 991 2478 egestas

130 2515 254 2576 semota
276 2510 318 2574 ab
342 2509 427 2574 dulci
450 2511 514 2574 vita
538 2509 707 2591 stabilique
730 2511 877 2576 videntur

130 2630 162 2690 et
185 2625 275 2708 quasi
298 2625 361 2688 iam
385 2624 439 2690 leti
461 2629 573 2708 portas
595 2625 769 2689 cunctarier
791 2632 886 2705 aute3

128 2737 213 2802 uude
237 2738 380 2804 homines
404 2737 478 2803 dum
501 2757 536 2804 se
559 2738 642 2804 falso
665 2746 785 2804 terrore
808 2740 911 2805 coacti

129 2853 280 2937 effugisse
303 2853 413 2917 volunt
434 2853 553 2936 longe,
573 2853 734 2936 longeque
757 2875 919 2931 remeses,

65 2991 101 3036 ro
130 2968 287 3050 sanguine
310 2967 394 3032 civili
417 2987 483 3031 rem
506 2967 648 3032 conflant
668 2968 859 3052 divitiasque

129 3080 356 3165 conduplicant
379 3079 484 3162 aridi,
502 3081 633 3146 caedem
658 3085 756 3148 caede
780 3081 1036 3160 accumulantes,

128 3195 277 3260 crudeles
299 3193 442 3278 gaudent
463 3193 495 3256 in
518 3194 598 3258 tristi
620 3194 732 3260 funere
754 3195 882 3280 fratris,

131 3315 166 3374 et
188 3308 459 3392 consanguineum
483 3325 613 3374 mensas
637 3307 732 3374 odero
755 3309 948 3391 timentque.

130 3422 290 3489 consimili
313 3421 438 3487 ratione
460 3424 500 3487 ab
525 3425 636 3488 ecdem
660 3395 760 3508 saepe
785 3397 898 3488 timore
1024 3507 1033 3521 ῃ

63 3560 100 3606 rr,
131 3541 274 3601 macerat
295 3535 435 3600 invidia.
454 3541 528 3601 ante
552 3537 662 3602 oculos
684 3538 773 3604 illum
797 3549 869 3604 cs'sc
892 3543 1085 3623 potentem‚'

130 3650 222 3714 illum
246 3649 404 3732 aspectari
419 3700 426 3728 ‚
443 3653 529 3716 claro
553 3653 606 3733 qui
629 3652 748 3718 incedit
768 3652 910 3732 honore,

128 3765 194 3849 ipsi
217 3785 254 3831 se
276 3767 309 3828 iu
330 3767 470 3832 tenebris
491 3767 576 3832 volvi
599 3785 763 3850 caenoque
788 3773 977 3850 queruntur.

130 3880 294 3944 intereunt
314 3880 427 3963 partim
451 3887 625 3946 statuarum
650 3887 682 3946 et
703 3883 839 3947 nominis
862 3902 961 3964 ergo.
1027 3917 1033 3928 ·

129 3997 166 4059 et
188 4011 286 4077 saepe
307 4013 409 4075 usque
432 3993 534 4078 adeo,
551 3994 660 4058 mortis
682 3993 871 4080 formidine,
888 3996 975 4060 vitae

132 4158 338 4168 ..—--..—-..-..

135 4259 171 4309 dt
185 4257 282 4309 Inferia
303 4255 316 4327 Η
337 4263 369 4310 58
382 4257 526 4309 illiciuntur
545 4255 558 4326 Η
578 4267 603 4308 et
616 4257 754 4308 omissam.
770 4256 781 4324 Ι;
797 4271 915 4308 rnauare.
937 4255 950 4326 Η
972 4261 1003 4310 62
1018 4259 1122 4311 tabore.
1144 4254 1157 4326 Η
1178 4261 1209 4307 66
1222 4257 1259 4306 vi·

133 4347 228 4398 detur.
249 4341 263 4416 Η
283 4349 314 4395 72
335 4347 440 4396 iratres.
462 4344 475 4416 Η
497 4347 529 4394 78
548 4352 641 4394 statum

1035 4449 1055 4512 6
