<?xml version="1.0" encoding="UTF-8"?>
<!DOCTYPE html PUBLIC "-//W3C//DTD XHTML 1.0 Transitional//EN"
    "http://www.w3.org/TR/xhtml1/DTD/xhtml1-transitional.dtd">
<html xmlns="http://www.w3.org/1999/xhtml" xml:lang="en" lang="en">
 <head>
  <title>
</title>
<meta http-equiv="Content-Type" content="text/html;charset=utf-8" />
  <meta name='ocr-system' content='tesseract 3.04.00' />
  <meta name='ocr-capabilities' content='ocr_page ocr_carea ocr_par ocr_line ocrx_word'/>
</head>
<body>
  <div class='ocr_page' id='page_1' title='image "./tlucreticarider25carugoog_0156.png"; bbox 0 0 3140 5036; ppageno 0'>
   <div class='ocr_carea' id='block_1_1' title="bbox 624 395 740 489">
    <p class='ocr_par' dir='ltr' id='par_1_1' title="bbox 624 395 740 489">
     <span class='ocr_line' id='line_1_1' title="bbox 624 395 740 489; baseline 0 0"><span class='ocrx_word' id='word_1_1' title='bbox 624 395 628 402; x_wconf 85' lang='grc'><strong>’</strong></span> <span class='ocrx_word' id='word_1_2' title='bbox 681 426 740 489; x_wconf 91' lang='lat' dir='ltr'>nn</span> 
     </span>
    </p>
   </div>
   <div class='ocr_carea' id='block_1_2' title="bbox 57 596 1165 4127">
    <p class='ocr_par' dir='ltr' id='par_1_2' title="bbox 57 596 1165 4127">
     <span class='ocr_line' id='line_1_2' title="bbox 144 596 1135 681; baseline 0.004 -21"><span class='ocrx_word' id='word_1_3' title='bbox 144 617 283 680; x_wconf 89' lang='lat' dir='ltr'>namque</span> <span class='ocrx_word' id='word_1_4' title='bbox 307 616 416 662; x_wconf 91' lang='lat' dir='ltr'>omnes</span> <span class='ocrx_word' id='word_1_5' title='bbox 439 597 625 681; x_wconf 89' lang='lat' dir='ltr'>plerumque</span> <span class='ocrx_word' id='word_1_6' title='bbox 649 597 764 661; x_wconf 89' lang='lat' dir='ltr'>eadunt</span> <span class='ocrx_word' id='word_1_7' title='bbox 786 596 819 660; x_wconf 93' lang='lat' dir='ltr'>in</span> <span class='ocrx_word' id='word_1_8' title='bbox 843 596 977 674; x_wconf 81' lang='lat' dir='ltr'>vulnus,</span> <span class='ocrx_word' id='word_1_9' title='bbox 995 605 1025 662; x_wconf 93' lang='lat' dir='ltr'>et</span> <span class='ocrx_word' id='word_1_10' title='bbox 1046 599 1135 664; x_wconf 91' lang='lat' dir='ltr'>illam</span> 
     </span>
     <span class='ocr_line' id='line_1_3' title="bbox 60 711 975 796; baseline -0.005 -16"><span class='ocrx_word' id='word_1_11' title='bbox 60 733 127 780; x_wconf 84' lang='lat'>1050</span> <span class='ocrx_word' id='word_1_12' title='bbox 145 713 259 778; x_wconf 90' lang='lat' dir='ltr'>emicat</span> <span class='ocrx_word' id='word_1_13' title='bbox 281 713 314 776; x_wconf 92' lang='lat' dir='ltr'>in</span> <span class='ocrx_word' id='word_1_14' title='bbox 335 717 465 796; x_wconf 69' lang='lat' dir='ltr'>partem</span> <span class='ocrx_word' id='word_1_15' title='bbox 483 711 634 796; x_wconf 83' lang='lat' dir='ltr'>sanguis,</span> <span class='ocrx_word' id='word_1_16' title='bbox 650 711 735 774; x_wconf 90' lang='lat' dir='ltr'>unde</span> <span class='ocrx_word' id='word_1_17' title='bbox 758 711 869 776; x_wconf 88' lang='lat' dir='ltr'>icimur</span> <span class='ocrx_word' id='word_1_18' title='bbox 891 712 975 788; x_wconf 88' lang='lat' dir='ltr'>ictu,</span> 
     </span>
     <span class='ocr_line' id='line_1_4' title="bbox 144 825 1064 910; baseline 0.002 -20"><span class='ocrx_word' id='word_1_19' title='bbox 144 833 174 890; x_wconf 88' lang='lat' dir='ltr'>et</span> <span class='ocrx_word' id='word_1_20' title='bbox 197 827 225 891; x_wconf 91' lang='lat' dir='ltr'>si</span> <span class='ocrx_word' id='word_1_21' title='bbox 248 827 425 892; x_wconf 91' lang='lat' dir='ltr'>comminus</span> <span class='ocrx_word' id='word_1_22' title='bbox 448 832 517 904; x_wconf 83' lang='lat' dir='ltr'>cst,</span> <span class='ocrx_word' id='word_1_23' title='bbox 536 827 656 891; x_wconf 82' lang='lat' dir='ltr'><strong>hostem</strong></span> <span class='ocrx_word' id='word_1_24' title='bbox 679 825 773 890; x_wconf 90' lang='lat' dir='ltr'>ruber</span> <span class='ocrx_word' id='word_1_25' title='bbox 797 832 930 910; x_wconf 89' lang='lat' dir='ltr'>occupat</span> <span class='ocrx_word' id='word_1_26' title='bbox 952 849 1064 893; x_wconf 88' lang='lat' dir='ltr'>umor.</span> 
     </span>
     <span class='ocr_line' id='line_1_5' title="bbox 143 940 902 1025; baseline -0.003 -18"><span class='ocrx_word' id='word_1_27' title='bbox 143 942 190 1007; x_wconf 90' lang='lat' dir='ltr'>sic</span> <span class='ocrx_word' id='word_1_28' title='bbox 213 942 312 1023; x_wconf 86' lang='lat' dir='ltr'>igitur</span> <span class='ocrx_word' id='word_1_29' title='bbox 335 940 469 1006; x_wconf 89' lang='lat' dir='ltr'>Veneris</span> <span class='ocrx_word' id='word_1_30' title='bbox 493 941 545 1023; x_wconf 94' lang='lat' dir='ltr'>qui</span> <span class='ocrx_word' id='word_1_31' title='bbox 568 940 641 1005; x_wconf 90' lang='lat' dir='ltr'>telis</span> <span class='ocrx_word' id='word_1_32' title='bbox 664 940 779 1023; x_wconf 89' lang='lat' dir='ltr'>accipit</span> <span class='ocrx_word' id='word_1_33' title='bbox 801 941 902 1025; x_wconf 83' lang='lat' dir='ltr'>ictus,</span> 
     </span>
     <span class='ocr_line' id='line_1_6' title="bbox 78 1054 1004 1139; baseline -0.001 -17"><span class='ocrx_word' id='word_1_34' title='bbox 78 1102 81 1106; x_wconf 92' lang='lat'><em>-</em></span> <span class='ocrx_word' id='word_1_35' title='bbox 145 1057 212 1122; x_wconf 93' lang='lat' dir='ltr'>sive</span> <span class='ocrx_word' id='word_1_36' title='bbox 235 1075 314 1139; x_wconf 88' lang='lat' dir='ltr'>puer</span> <span class='ocrx_word' id='word_1_37' title='bbox 337 1056 487 1121; x_wconf 90' lang='lat' dir='ltr'>membris</span> <span class='ocrx_word' id='word_1_38' title='bbox 509 1055 718 1120; x_wconf 83' lang='lat' dir='ltr'>muliebribus</span> <span class='ocrx_word' id='word_1_39' title='bbox 741 1054 825 1119; x_wconf 87' lang='lat' dir='ltr'>hunc</span> <span class='ocrx_word' id='word_1_40' title='bbox 847 1055 1004 1122; x_wconf 84' lang='lat' dir='ltr'>iaculatur</span> 
     </span>
     <span class='ocr_line' id='line_1_7' title="bbox 143 1171 949 1255; baseline -0.002 -20"><span class='ocrx_word' id='word_1_41' title='bbox 143 1191 199 1235; x_wconf 89' lang='lat' dir='ltr'>seu</span> <span class='ocrx_word' id='word_1_42' title='bbox 221 1171 335 1234; x_wconf 89' lang='lat' dir='ltr'>mulier</span> <span class='ocrx_word' id='word_1_43' title='bbox 355 1176 421 1235; x_wconf 92' lang='lat' dir='ltr'>toto</span> <span class='ocrx_word' id='word_1_44' title='bbox 445 1171 568 1236; x_wconf 89' lang='lat' dir='ltr'>iactans</span> <span class='ocrx_word' id='word_1_45' title='bbox 591 1190 609 1236; x_wconf 91' lang='lat' dir='ltr'>e</span> <span class='ocrx_word' id='word_1_46' title='bbox 631 1189 764 1252; x_wconf 81' lang='lat' dir='ltr'>corpore</span> <span class='ocrx_word' id='word_1_47' title='bbox 787 1190 949 1255; x_wconf 85' lang='lat' dir='ltr'>amorem,</span> 
     </span>
     <span class='ocr_line' id='line_1_8' title="bbox 58 1260 866 1368; baseline -0.01 -14"><span class='ocrx_word' id='word_1_48' title='bbox 58 1260 230 1354; x_wconf 79' lang='grc'><strong>10000010</strong></span> <span class='ocrx_word' id='word_1_49' title='bbox 253 1283 438 1360; x_wconf 77' lang='grc' dir='ltr'><strong>1001100,οο</strong></span> <span class='ocrx_word' id='word_1_50' title='bbox 461 1277 583 1368; x_wconf 80' lang='lat' dir='ltr'>tendit,</span> <span class='ocrx_word' id='word_1_51' title='bbox 600 1285 758 1366; x_wconf 84' lang='lat' dir='ltr'>gestitque</span> <span class='ocrx_word' id='word_1_52' title='bbox 782 1283 866 1348; x_wconf 91' lang='lat' dir='ltr'>coire</span> 
     </span>
     <span class='ocr_line' id='line_1_9' title="bbox 145 1395 1052 1498; baseline -0.002 -33"><span class='ocrx_word' id='word_1_53' title='bbox 145 1407 176 1465; x_wconf 91' lang='grc'>01</span> <span class='ocrx_word' id='word_1_54' title='bbox 197 1401 302 1465; x_wconf 87' lang='lat' dir='ltr'>iacere</span> <span class='ocrx_word' id='word_1_55' title='bbox 324 1418 466 1464; x_wconf 91' lang='lat' dir='ltr'>umorem</span> <span class='ocrx_word' id='word_1_56' title='bbox 490 1399 522 1462; x_wconf 93' lang='lat' dir='ltr'>iu</span> <span class='ocrx_word' id='word_1_57' title='bbox 547 1419 660 1482; x_wconf 87' lang='lat' dir='ltr'>corpus</span> <span class='ocrx_word' id='word_1_58' title='bbox 684 1399 724 1464; x_wconf 90' lang='lat' dir='ltr'>dc</span> <span class='ocrx_word' id='word_1_59' title='bbox 748 1419 880 1483; x_wconf 91' lang='lat' dir='ltr'>corpore</span> <span class='ocrx_word' id='word_1_60' title='bbox 904 1395 1052 1498; x_wconf 61' lang='lat' dir='ltr'>ductum:</span> 
     </span>
     <span class='ocr_line' id='line_1_10' title="bbox 142 1513 961 1598; baseline -0.005 -18"><span class='ocrx_word' id='word_1_61' title='bbox 142 1533 280 1595; x_wconf 90' lang='lat' dir='ltr'>namque</span> <span class='ocrx_word' id='word_1_62' title='bbox 303 1513 501 1596; x_wconf 86' lang='lat' dir='ltr'>voluptatem</span> <span class='ocrx_word' id='word_1_63' title='bbox 524 1514 691 1596; x_wconf 83' lang='lat' dir='ltr'>praesagit</span> <span class='ocrx_word' id='word_1_64' title='bbox 712 1519 801 1578; x_wconf 89' lang='lat' dir='ltr'>muta</span> <span class='ocrx_word' id='word_1_65' title='bbox 824 1513 961 1598; x_wconf 75' lang='lat' dir='ltr'>cupido,</span> 
     </span>
     <span class='ocr_line' id='line_1_11' title="bbox 182 1629 1165 1709; baseline 0.003 -17"><span class='ocrx_word' id='word_1_66' title='bbox 182 1631 270 1693; x_wconf 89' lang='lat' dir='ltr'>Haec</span> <span class='ocrx_word' id='word_1_67' title='bbox 292 1630 399 1695; x_wconf 89' lang='lat' dir='ltr'>Venus</span> <span class='ocrx_word' id='word_1_68' title='bbox 423 1635 470 1693; x_wconf 88' lang='lat' dir='ltr'>est</span> <span class='ocrx_word' id='word_1_69' title='bbox 493 1629 584 1694; x_wconf 91' lang='lat' dir='ltr'>nobis</span> <span class='ocrx_word' id='word_1_70' title='bbox 599 1655 605 1693; x_wconf 93' lang='lat'><strong>:</strong></span> <span class='ocrx_word' id='word_1_71' title='bbox 622 1630 694 1693; x_wconf 94' lang='lat' dir='ltr'>hinc</span> <span class='ocrx_word' id='word_1_72' title='bbox 718 1633 856 1692; x_wconf 81' lang='lat' dir='ltr'>autemst</span> <span class='ocrx_word' id='word_1_73' title='bbox 879 1649 1003 1693; x_wconf 82' lang='lat' dir='ltr'>momen</span> <span class='ocrx_word' id='word_1_74' title='bbox 1027 1631 1165 1709; x_wconf 82' lang='lat' dir='ltr'>amoris,</span> 
     </span>
     <span class='ocr_line' id='line_1_12' title="bbox 144 1743 998 1828; baseline -0.002 -20"><span class='ocrx_word' id='word_1_75' title='bbox 144 1744 219 1808; x_wconf 91' lang='lat' dir='ltr'>hinc</span> <span class='ocrx_word' id='word_1_76' title='bbox 242 1745 356 1808; x_wconf 90' lang='lat' dir='ltr'>illaec.</span> <span class='ocrx_word' id='word_1_77' title='bbox 373 1744 507 1828; x_wconf 89' lang='lat' dir='ltr'>primum</span> <span class='ocrx_word' id='word_1_78' title='bbox 531 1743 665 1808; x_wconf 89' lang='lat' dir='ltr'>Veneris</span> <span class='ocrx_word' id='word_1_79' title='bbox 687 1743 866 1808; x_wconf 80' lang='lat' dir='ltr'>dulcedinis</span> <span class='ocrx_word' id='word_1_80' title='bbox 887 1743 919 1806; x_wconf 94' lang='lat' dir='ltr'>in</span> <span class='ocrx_word' id='word_1_81' title='bbox 944 1763 998 1808; x_wconf 91' lang='lat' dir='ltr'>cor</span> 
     </span>
     <span class='ocr_line' id='line_1_13' title="bbox 57 1857 887 1940; baseline -0.007 -13"><span class='ocrx_word' id='word_1_82' title='bbox 57 1881 126 1927; x_wconf 84' lang='grc'><strong>1000</strong></span> <span class='ocrx_word' id='word_1_83' title='bbox 144 1858 277 1924; x_wconf 85' lang='lat' dir='ltr'>stillavit</span> <span class='ocrx_word' id='word_1_84' title='bbox 298 1865 408 1940; x_wconf 65' lang='lat' dir='ltr'>gutta,</span> <span class='ocrx_word' id='word_1_85' title='bbox 425 1866 456 1923; x_wconf 89' lang='grc'>01</span> <span class='ocrx_word' id='word_1_86' title='bbox 479 1859 631 1924; x_wconf 86' lang='lat' dir='ltr'>successit</span> <span class='ocrx_word' id='word_1_87' title='bbox 652 1857 769 1940; x_wconf 89' lang='lat' dir='ltr'>frigida</span> <span class='ocrx_word' id='word_1_88' title='bbox 792 1879 887 1923; x_wconf 88' lang='lat' dir='ltr'>cura:</span> 
     </span>
     <span class='ocr_line' id='line_1_14' title="bbox 146 1973 1155 2058; baseline 0.002 -22"><span class='ocrx_word' id='word_1_89' title='bbox 146 1994 220 2036; x_wconf 89' lang='lat' dir='ltr'>nam</span> <span class='ocrx_word' id='word_1_90' title='bbox 243 1974 269 2038; x_wconf 90' lang='lat' dir='ltr'>si</span> <span class='ocrx_word' id='word_1_91' title='bbox 293 1975 383 2040; x_wconf 87' lang='lat' dir='ltr'>abest</span> <span class='ocrx_word' id='word_1_92' title='bbox 406 1975 491 2057; x_wconf 92' lang='lat' dir='ltr'>quod</span> <span class='ocrx_word' id='word_1_93' title='bbox 514 1993 611 2058; x_wconf 80' lang='lat' dir='ltr'>aves,</span> <span class='ocrx_word' id='word_1_94' title='bbox 628 1979 733 2057; x_wconf 88' lang='lat' dir='ltr'>presto</span> <span class='ocrx_word' id='word_1_95' title='bbox 757 1973 929 2038; x_wconf 89' lang='lat' dir='ltr'>simulacra</span> <span class='ocrx_word' id='word_1_96' title='bbox 950 1979 1058 2039; x_wconf 86' lang='lat' dir='ltr'>tamen</span> <span class='ocrx_word' id='word_1_97' title='bbox 1082 1980 1155 2040; x_wconf 91' lang='lat' dir='ltr'>sunt</span> 
     </span>
     <span class='ocr_line' id='line_1_15' title="bbox 142 2087 1041 2154; baseline 0 -3"><span class='ocrx_word' id='word_1_98' title='bbox 142 2088 228 2153; x_wconf 89' lang='lat' dir='ltr'>illius</span> <span class='ocrx_word' id='word_1_99' title='bbox 252 2094 284 2152; x_wconf 91' lang='lat' dir='ltr'>et</span> <span class='ocrx_word' id='word_1_100' title='bbox 306 2109 421 2154; x_wconf 89' lang='lat' dir='ltr'>nomen</span> <span class='ocrx_word' id='word_1_101' title='bbox 445 2089 536 2154; x_wconf 82' lang='lat' dir='ltr'>dulce</span> <span class='ocrx_word' id='word_1_102' title='bbox 560 2089 746 2153; x_wconf 78' lang='lat' dir='ltr'>obversatur</span> <span class='ocrx_word' id='word_1_103' title='bbox 768 2087 810 2150; x_wconf 92' lang='lat' dir='ltr'>ad</span> <span class='ocrx_word' id='word_1_104' title='bbox 833 2088 937 2152; x_wconf 84' lang='lat' dir='ltr'>auris.</span> <span class='ocrx_word' id='word_1_105' title='bbox 1037 2093 1041 2098; x_wconf 83' lang='lat'>&#39;</span> 
     </span>
     <span class='ocr_line' id='line_1_16' title="bbox 144 2202 1007 2285; baseline 0 -17"><span class='ocrx_word' id='word_1_106' title='bbox 144 2202 201 2268; x_wconf 91' lang='lat' dir='ltr'>sed</span> <span class='ocrx_word' id='word_1_107' title='bbox 223 2202 362 2285; x_wconf 87' lang='lat' dir='ltr'>fugitare</span> <span class='ocrx_word' id='word_1_108' title='bbox 386 2204 478 2268; x_wconf 88' lang='lat' dir='ltr'>decet</span> <span class='ocrx_word' id='word_1_109' title='bbox 500 2203 669 2267; x_wconf 89' lang='lat' dir='ltr'>simulacra</span> <span class='ocrx_word' id='word_1_110' title='bbox 692 2208 724 2266; x_wconf 90' lang='grc'>01</span> <span class='ocrx_word' id='word_1_111' title='bbox 746 2202 865 2285; x_wconf 89' lang='lat' dir='ltr'>pabula</span> <span class='ocrx_word' id='word_1_112' title='bbox 889 2203 1007 2268; x_wconf 90' lang='lat' dir='ltr'>amoris</span> 
     </span>
     <span class='ocr_line' id='line_1_17' title="bbox 144 2318 982 2400; baseline -0.002 -18"><span class='ocrx_word' id='word_1_113' title='bbox 144 2319 323 2384; x_wconf 81' lang='lat' dir='ltr'>absterrere</span> <span class='ocrx_word' id='word_1_114' title='bbox 346 2320 408 2385; x_wconf 91' lang='lat' dir='ltr'>sibi</span> <span class='ocrx_word' id='word_1_115' title='bbox 432 2325 528 2400; x_wconf 91' lang='grc'><strong>01000</strong></span> <span class='ocrx_word' id='word_1_116' title='bbox 552 2318 616 2382; x_wconf 89' lang='grc'><strong>0110</strong></span> <span class='ocrx_word' id='word_1_117' title='bbox 641 2322 823 2382; x_wconf 89' lang='lat' dir='ltr'>convertere</span> <span class='ocrx_word' id='word_1_118' title='bbox 846 2323 982 2382; x_wconf 90' lang='lat' dir='ltr'>mentem</span> 
     </span>
     <span class='ocr_line' id='line_1_18' title="bbox 60 2432 1072 2516; baseline -0.004 -14"><span class='ocrx_word' id='word_1_119' title='bbox 60 2453 130 2502; x_wconf 82' lang='lat' dir='ltr'>roos</span> <span class='ocrx_word' id='word_1_120' title='bbox 147 2439 179 2498; x_wconf 88' lang='grc'>01</span> <span class='ocrx_word' id='word_1_121' title='bbox 200 2433 305 2499; x_wconf 85' lang='lat' dir='ltr'>iacere</span> <span class='ocrx_word' id='word_1_122' title='bbox 328 2454 470 2499; x_wconf 90' lang='lat' dir='ltr'>umorem</span> <span class='ocrx_word' id='word_1_123' title='bbox 493 2433 669 2498; x_wconf 90' lang='lat' dir='ltr'>conlectum</span> <span class='ocrx_word' id='word_1_124' title='bbox 693 2432 726 2496; x_wconf 92' lang='lat' dir='ltr'>in</span> <span class='ocrx_word' id='word_1_125' title='bbox 749 2451 885 2516; x_wconf 87' lang='lat' dir='ltr'>corpora</span> <span class='ocrx_word' id='word_1_126' title='bbox 908 2451 1072 2515; x_wconf 88' lang='lat' dir='ltr'>quaeque,</span> 
     </span>
     <span class='ocr_line' id='line_1_19' title="bbox 145 2547 976 2631; baseline 0 -19"><span class='ocrx_word' id='word_1_127' title='bbox 145 2568 206 2612; x_wconf 89' lang='lat' dir='ltr'>nec</span> <span class='ocrx_word' id='word_1_128' title='bbox 228 2549 383 2628; x_wconf 90' lang='lat' dir='ltr'>retinere,</span> <span class='ocrx_word' id='word_1_129' title='bbox 401 2547 498 2615; x_wconf 88' lang='lat' dir='ltr'>semel</span> <span class='ocrx_word' id='word_1_130' title='bbox 522 2567 708 2614; x_wconf 88' lang='lat' dir='ltr'>conversum</span> <span class='ocrx_word' id='word_1_131' title='bbox 731 2548 825 2612; x_wconf 90' lang='lat' dir='ltr'>nnius</span> <span class='ocrx_word' id='word_1_132' title='bbox 848 2567 976 2631; x_wconf 90' lang='lat' dir='ltr'>amore,</span> 
     </span>
     <span class='ocr_line' id='line_1_20' title="bbox 147 2661 939 2743; baseline -0.004 -16"><span class='ocrx_word' id='word_1_133' title='bbox 147 2668 179 2727; x_wconf 89' lang='lat' dir='ltr'>et</span> <span class='ocrx_word' id='word_1_134' title='bbox 201 2683 330 2730; x_wconf 88' lang='lat' dir='ltr'>servare</span> <span class='ocrx_word' id='word_1_135' title='bbox 354 2665 413 2728; x_wconf 93' lang='lat' dir='ltr'>sibi</span> <span class='ocrx_word' id='word_1_136' title='bbox 438 2684 546 2728; x_wconf 90' lang='lat' dir='ltr'>curam</span> <span class='ocrx_word' id='word_1_137' title='bbox 569 2669 752 2743; x_wconf 88' lang='lat' dir='ltr'>certumque</span> <span class='ocrx_word' id='word_1_138' title='bbox 776 2661 939 2726; x_wconf 91' lang='lat' dir='ltr'>dolorem:</span> 
     </span>
     <span class='ocr_line' id='line_1_21' title="bbox 146 2775 938 2851; baseline -0.001 -10"><span class='ocrx_word' id='word_1_139' title='bbox 146 2779 237 2844; x_wconf 91' lang='lat' dir='ltr'>ulcus</span> <span class='ocrx_word' id='word_1_140' title='bbox 261 2779 345 2842; x_wconf 89' lang='lat' dir='ltr'>enim</span> <span class='ocrx_word' id='word_1_141' title='bbox 366 2779 498 2844; x_wconf 80' lang='lat' dir='ltr'>vivescit</span> <span class='ocrx_word' id='word_1_142' title='bbox 521 2783 553 2843; x_wconf 91' lang='lat' dir='ltr'>et</span> <span class='ocrx_word' id='word_1_143' title='bbox 575 2777 779 2842; x_wconf 84' lang='lat' dir='ltr'>inveterascit</span> <span class='ocrx_word' id='word_1_144' title='bbox 801 2775 938 2851; x_wconf 80' lang='lat' dir='ltr'>alendo,</span> 
     </span>
     <span class='ocr_line' id='line_1_22' title="bbox 146 2891 1043 2976; baseline 0 -20"><span class='ocrx_word' id='word_1_145' title='bbox 146 2893 242 2975; x_wconf 89' lang='lat' dir='ltr'>inque</span> <span class='ocrx_word' id='word_1_146' title='bbox 266 2892 334 2959; x_wconf 91' lang='lat' dir='ltr'>dies</span> <span class='ocrx_word' id='word_1_147' title='bbox 357 2893 462 2976; x_wconf 87' lang='lat' dir='ltr'>gliscit</span> <span class='ocrx_word' id='word_1_148' title='bbox 483 2895 570 2960; x_wconf 87' lang='lat' dir='ltr'>suror</span> <span class='ocrx_word' id='word_1_149' title='bbox 592 2899 688 2975; x_wconf 88' lang='grc'><strong>01000</strong></span> <span class='ocrx_word' id='word_1_150' title='bbox 712 2911 845 2956; x_wconf 82' lang='lat' dir='ltr'>erumna</span> <span class='ocrx_word' id='word_1_151' title='bbox 867 2891 1043 2976; x_wconf 85' lang='lat' dir='ltr'>gravescit,</span> 
     </span>
     <span class='ocr_line' id='line_1_23' title="bbox 59 3007 972 3093; baseline -0.008 -15"><span class='ocrx_word' id='word_1_152' title='bbox 59 3031 130 3078; x_wconf 80' lang='lat' dir='ltr'>roro</span> <span class='ocrx_word' id='word_1_153' title='bbox 147 3009 174 3074; x_wconf 89' lang='lat' dir='ltr'>si</span> <span class='ocrx_word' id='word_1_154' title='bbox 196 3029 261 3074; x_wconf 92' lang='grc'>000</span> <span class='ocrx_word' id='word_1_155' title='bbox 283 3008 388 3093; x_wconf 89' lang='lat' dir='ltr'>prima</span> <span class='ocrx_word' id='word_1_156' title='bbox 410 3010 501 3074; x_wconf 88' lang='lat' dir='ltr'>novis</span> <span class='ocrx_word' id='word_1_157' title='bbox 524 3009 692 3074; x_wconf 87' lang='lat' dir='ltr'>conturbes</span> <span class='ocrx_word' id='word_1_158' title='bbox 715 3007 845 3071; x_wconf 89' lang='lat' dir='ltr'>volnera</span> <span class='ocrx_word' id='word_1_159' title='bbox 867 3007 972 3091; x_wconf 83' lang='lat' dir='ltr'>plagis</span> 
     </span>
     <span class='ocr_line' id='line_1_24' title="bbox 146 3123 1029 3208; baseline 0 -21"><span class='ocrx_word' id='word_1_160' title='bbox 146 3124 383 3208; x_wconf 84' lang='lat' dir='ltr'>volgivagaque</span> <span class='ocrx_word' id='word_1_161' title='bbox 406 3143 506 3208; x_wconf 90' lang='lat' dir='ltr'>vagus</span> <span class='ocrx_word' id='word_1_162' title='bbox 529 3124 652 3187; x_wconf 88' lang='lat' dir='ltr'>Venere</span> <span class='ocrx_word' id='word_1_163' title='bbox 676 3128 750 3186; x_wconf 87' lang='grc'><strong>0010</strong></span> <span class='ocrx_word' id='word_1_164' title='bbox 773 3123 914 3186; x_wconf 87' lang='lat' dir='ltr'>recentia</span> <span class='ocrx_word' id='word_1_165' title='bbox 938 3141 1029 3187; x_wconf 89' lang='lat' dir='ltr'>cures</span> 
     </span>
     <span class='ocr_line' id='line_1_25' title="bbox 147 3237 877 3322; baseline -0.004 -20"><span class='ocrx_word' id='word_1_166' title='bbox 147 3245 203 3303; x_wconf 90' lang='lat' dir='ltr'>aut</span> <span class='ocrx_word' id='word_1_167' title='bbox 225 3238 289 3302; x_wconf 88' lang='lat' dir='ltr'>alic</span> <span class='ocrx_word' id='word_1_168' title='bbox 313 3239 419 3322; x_wconf 86' lang='lat' dir='ltr'>possis</span> <span class='ocrx_word' id='word_1_169' title='bbox 442 3238 539 3302; x_wconf 86' lang='lat' dir='ltr'>animi</span> <span class='ocrx_word' id='word_1_170' title='bbox 562 3237 731 3302; x_wconf 89' lang='lat' dir='ltr'>traducere</span> <span class='ocrx_word' id='word_1_171' title='bbox 755 3241 877 3301; x_wconf 90' lang='lat' dir='ltr'>motus.</span> 
     </span>
     <span class='ocr_line' id='line_1_26' title="bbox 186 3351 1057 3433; baseline -0.006 -17"><span class='ocrx_word' id='word_1_172' title='bbox 186 3352 255 3417; x_wconf 90' lang='lat' dir='ltr'>Nec</span> <span class='ocrx_word' id='word_1_173' title='bbox 277 3354 411 3419; x_wconf 90' lang='lat' dir='ltr'>Veneris</span> <span class='ocrx_word' id='word_1_174' title='bbox 434 3353 536 3420; x_wconf 84' lang='lat' dir='ltr'>fructu</span> <span class='ocrx_word' id='word_1_175' title='bbox 559 3353 695 3417; x_wconf 90' lang='lat' dir='ltr'>caretis</span> <span class='ocrx_word' id='word_1_176' title='bbox 720 3351 773 3433; x_wconf 93' lang='grc'>001</span> <span class='ocrx_word' id='word_1_177' title='bbox 796 3352 874 3416; x_wconf 88' lang='grc'><strong>01101</strong></span> <span class='ocrx_word' id='word_1_178' title='bbox 896 3367 1057 3432; x_wconf 89' lang='lat' dir='ltr'>amorem,</span> 
     </span>
     <span class='ocr_line' id='line_1_27' title="bbox 148 3461 1077 3551; baseline -0.006 -20"><span class='ocrx_word' id='word_1_179' title='bbox 148 3467 203 3531; x_wconf 88' lang='lat' dir='ltr'>sed</span> <span class='ocrx_word' id='word_1_180' title='bbox 228 3467 332 3550; x_wconf 89' lang='lat' dir='ltr'>potius</span> <span class='ocrx_word' id='word_1_181' title='bbox 357 3488 440 3550; x_wconf 90' lang='grc'><strong>0000</strong></span> <span class='ocrx_word' id='word_1_182' title='bbox 463 3469 624 3533; x_wconf 90' lang='grc'><strong>00010100</strong></span> <span class='ocrx_word' id='word_1_183' title='bbox 647 3485 752 3551; x_wconf 83' lang='grc'><strong>00000</strong></span> <span class='ocrx_word' id='word_1_184' title='bbox 774 3461 940 3532; x_wconf 88' lang='lat' dir='ltr'>commoda</span> <span class='ocrx_word' id='word_1_185' title='bbox 963 3462 1077 3528; x_wconf 91' lang='lat' dir='ltr'>sumit:</span> 
     </span>
     <span class='ocr_line' id='line_1_28' title="bbox 62 3578 962 3667; baseline -0.016 -13"><span class='ocrx_word' id='word_1_186' title='bbox 62 3605 222 3654; x_wconf 77' lang='lat' dir='ltr'>roronem</span> <span class='ocrx_word' id='word_1_187' title='bbox 245 3589 328 3649; x_wconf 90' lang='lat' dir='ltr'>certe</span> <span class='ocrx_word' id='word_1_188' title='bbox 351 3589 461 3667; x_wconf 89' lang='lat' dir='ltr'>purast</span> <span class='ocrx_word' id='word_1_189' title='bbox 484 3583 572 3648; x_wconf 91' lang='grc'><strong>00010</strong></span> <span class='ocrx_word' id='word_1_190' title='bbox 594 3583 697 3667; x_wconf 82' lang='lat' dir='ltr'>magis</span> <span class='ocrx_word' id='word_1_191' title='bbox 720 3580 791 3644; x_wconf 85' lang='lat' dir='ltr'>inde</span> <span class='ocrx_word' id='word_1_192' title='bbox 814 3578 962 3660; x_wconf 87' lang='lat' dir='ltr'>voluptas</span> 
     </span>
     <span class='ocr_line' id='line_1_29' title="bbox 148 3692 1021 3783; baseline -0.008 -19"><span class='ocrx_word' id='word_1_193' title='bbox 148 3719 243 3782; x_wconf 89' lang='lat' dir='ltr'>quam</span> <span class='ocrx_word' id='word_1_194' title='bbox 265 3698 410 3764; x_wconf 89' lang='lat' dir='ltr'>miseris.</span> <span class='ocrx_word' id='word_1_195' title='bbox 427 3698 544 3763; x_wconf 90' lang='lat' dir='ltr'>etenim</span> <span class='ocrx_word' id='word_1_196' title='bbox 566 3693 708 3783; x_wconf 83' lang='lat' dir='ltr'>potiundi</span> <span class='ocrx_word' id='word_1_197' title='bbox 731 3696 874 3778; x_wconf 87' lang='lat' dir='ltr'>tempore</span> <span class='ocrx_word' id='word_1_198' title='bbox 895 3694 929 3754; x_wconf 91' lang='lat' dir='ltr'>in</span> <span class='ocrx_word' id='word_1_199' title='bbox 951 3692 1021 3777; x_wconf 88' lang='lat' dir='ltr'>ipso</span> 
     </span>
     <span class='ocr_line' id='line_1_30' title="bbox 146 3805 935 3890; baseline -0.005 -14"><span class='ocrx_word' id='word_1_200' title='bbox 146 3811 279 3878; x_wconf 89' lang='lat' dir='ltr'>fluctuat</span> <span class='ocrx_word' id='word_1_201' title='bbox 301 3813 430 3878; x_wconf 87' lang='lat' dir='ltr'>incertis</span> <span class='ocrx_word' id='word_1_202' title='bbox 453 3812 611 3889; x_wconf 70' lang='lat' dir='ltr'>erronum</span> <span class='ocrx_word' id='word_1_203' title='bbox 634 3805 731 3872; x_wconf 88' lang='lat' dir='ltr'>ardor</span> <span class='ocrx_word' id='word_1_204' title='bbox 754 3813 935 3890; x_wconf 88' lang='lat' dir='ltr'>amantum,</span> 
     </span>
     <span class='ocr_line' id='line_1_31' title="bbox 148 3898 1152 4009; baseline 0 -24"><span class='ocrx_word' id='word_1_205' title='bbox 148 3946 208 3992; x_wconf 81' lang='lat' dir='ltr'>nec</span> <span class='ocrx_word' id='word_1_206' title='bbox 230 3933 357 3993; x_wconf 77' lang='lat' dir='ltr'>constat</span> <span class='ocrx_word' id='word_1_207' title='bbox 380 3926 457 4009; x_wconf 86' lang='lat' dir='ltr'>quid</span> <span class='ocrx_word' id='word_1_208' title='bbox 477 3898 610 4002; x_wconf 62' lang='lat' dir='ltr'>primum</span> <span class='ocrx_word' id='word_1_209' title='bbox 635 3921 735 3986; x_wconf 90' lang='lat' dir='ltr'>oculis</span> <span class='ocrx_word' id='word_1_210' title='bbox 758 3921 966 4004; x_wconf 85' lang='lat' dir='ltr'>manibusque</span> <span class='ocrx_word' id='word_1_211' title='bbox 989 3921 1152 3986; x_wconf 79' lang='lat' dir='ltr'>truantur.</span> 
     </span>
     <span class='ocr_line' id='line_1_32' title="bbox 149 4033 1037 4127; baseline 0.003 -30"><span class='ocrx_word' id='word_1_212' title='bbox 149 4041 235 4125; x_wconf 81' lang='lat' dir='ltr'>quod</span> <span class='ocrx_word' id='word_1_213' title='bbox 258 4042 398 4127; x_wconf 71' lang='lat' dir='ltr'>petiere,</span> <span class='ocrx_word' id='word_1_214' title='bbox 413 4040 559 4117; x_wconf 77' lang='lat' dir='ltr'>premunt</span> <span class='ocrx_word' id='word_1_215' title='bbox 581 4039 670 4120; x_wconf 87' lang='lat' dir='ltr'>orte,</span> <span class='ocrx_word' id='word_1_216' title='bbox 687 4033 871 4118; x_wconf 86' lang='lat' dir='ltr'>faciuntque</span> <span class='ocrx_word' id='word_1_217' title='bbox 894 4035 1037 4102; x_wconf 91' lang='lat' dir='ltr'>dolorem</span> 
     </span>
    </p>
   </div>
   <div class='ocr_carea' id='block_1_3' title="bbox 148 4202 346 4231">
    <p class='ocr_par' dir='ltr' id='par_1_3' title="bbox 148 4202 346 4231">
     <span class='ocr_line' id='line_1_33' title="bbox 148 4202 346 4231; baseline -0.005 1"><span class='ocrx_word' id='word_1_218' title='bbox 148 4202 346 4231; x_wconf 65' lang='lat' dir='ltr'><em>--—r⁸-·</em></span> 
     </span>
    </p>
   </div>
   <div class='ocr_carea' id='block_1_4' title="bbox 151 4301 1324 4444">
    <p class='ocr_par' dir='ltr' id='par_1_4' title="bbox 151 4301 1324 4444">
     <span class='ocr_line' id='line_1_34' title="bbox 155 4301 1324 4378; baseline 0.003 -23"><span class='ocrx_word' id='word_1_219' title='bbox 155 4317 223 4368; x_wconf 72' lang='lat'>1059</span> <span class='ocrx_word' id='word_1_220' title='bbox 237 4319 329 4356; x_wconf 88' lang='lat' dir='ltr'>nomen</span> <span class='ocrx_word' id='word_1_221' title='bbox 349 4302 363 4373; x_wconf 83' lang='grc' dir='ltr'>ΙΙ</span> <span class='ocrx_word' id='word_1_222' title='bbox 385 4305 513 4358; x_wconf 81' lang='grc'><strong>10091110</strong></span> <span class='ocrx_word' id='word_1_223' title='bbox 533 4303 545 4374; x_wconf 81' lang='grc' dir='ltr'>Η</span> <span class='ocrx_word' id='word_1_224' title='bbox 567 4307 632 4357; x_wconf 88' lang='grc'><strong>1061</strong></span> <span class='ocrx_word' id='word_1_225' title='bbox 653 4304 774 4375; x_wconf 80' lang='grc'><strong>11000111</strong></span> <span class='ocrx_word' id='word_1_226' title='bbox 794 4320 862 4356; x_wconf 80' lang='lat' dir='ltr'>ames</span> <span class='ocrx_word' id='word_1_227' title='bbox 881 4301 895 4374; x_wconf 79' lang='grc' dir='ltr'>Η</span> <span class='ocrx_word' id='word_1_228' title='bbox 916 4306 983 4358; x_wconf 78' lang='grc'><strong>1060</strong></span> <span class='ocrx_word' id='word_1_229' title='bbox 1003 4307 1145 4360; x_wconf 86' lang='lat' dir='ltr'>coniectum</span> <span class='ocrx_word' id='word_1_230' title='bbox 1166 4303 1179 4378; x_wconf 83' lang='grc' dir='ltr'>ΙΙ</span> <span class='ocrx_word' id='word_1_231' title='bbox 1201 4309 1267 4359; x_wconf 89' lang='grc'><strong>1068</strong></span> <span class='ocrx_word' id='word_1_232' title='bbox 1322 4367 1324 4372; x_wconf 40' lang='grc'><em>,</em></span> 
     </span>
     <span class='ocr_line' id='line_1_35' title="bbox 151 4399 229 4444; baseline 0.013 -1"><span class='ocrx_word' id='word_1_233' title='bbox 151 4399 229 4444; x_wconf 70' lang='lat' dir='ltr'>ulcus</span> 
     </span>
    </p>
   </div>
   <div class='ocr_carea' id='block_1_5' title="bbox 0 0 1600 5036">
    <p class='ocr_par' dir='ltr' id='par_1_5' title="bbox 0 0 1600 5036">
     <span class='ocr_line' id='line_1_36' title="bbox 0 0 1600 5036; baseline 0 0"><span class='ocrx_word' id='word_1_234' title='bbox 0 0 1600 5036; x_wconf 95' lang='lat' dir='ltr'> </span> 
     </span>
    </p>
   </div>
  </div>
 </body>
</html>
