3140 5036
310 427 370 492 116
453 433 455 440 '
844 423 909 488 1111

309 593 355 659 sio
377 613 437 677 ego
460 615 564 678 nuno,
582 594 731 677 quoniam
753 593 832 660 haee
854 595 936 659 ratio
959 595 1144 680 plerumque
1165 595 1290 662 ridetur

307 709 426 775 tristior
448 729 519 774 esse
543 709 658 791 quibus
681 730 745 774 non
768 714 816 774 est
837 715 990 789 tractata,
1006 715 1153 794 retroque

251 842 284 890 no
310 824 423 908 volgus
445 824 596 890 abhorret
618 825 659 890 ab
681 823 762 910 hae,
779 826 865 890 volui
888 825 946 890 tibi
968 825 1204 908 suaviloquenti

308 939 448 1003 earmina
469 939 575 1005 Pierio
598 939 754 1005 rationem
778 959 939 1024 exponere
962 945 1103 1005 nostram

310 1059 341 1116 et
364 1054 456 1134 quasi
479 1073 609 1120 musaeo
633 1054 719 1120 dulei
741 1055 924 1136 contingere
947 1054 1063 1133 melte;

308 1167 335 1232 si
357 1168 415 1234 tibi
437 1167 519 1234 forto
542 1169 680 1234 animum
702 1170 758 1234 tali
779 1170 905 1235 ratione
927 1174 1037 1234 tenere

306 1283 453 1348 versibus
475 1285 508 1348 in
530 1285 647 1350 nostris
669 1305 816 1369 possem,
833 1287 906 1350 dum
930 1285 1076 1370 persipis.
1093 1304 1218 1349 omnem

250 1415 283 1462 nu
308 1403 453 1462 naturam
476 1419 583 1464 rerum
606 1421 643 1464 ao
665 1401 823 1484 persentis
846 1399 1061 1487 utilitatem]

350 1514 452 1594 Atque
476 1514 571 1578 animi
594 1516 742 1595 quoniam
767 1516 860 1582 dooui
882 1523 996 1581 natura
1020 1515 1096 1597 quid
1120 1521 1204 1580 esset

307 1628 475 1709 atquibus
498 1649 516 1694 e
537 1631 633 1694 rebus
655 1651 727 1695 oum
750 1651 881 1716 corpore
904 1637 1031 1714 compta
1053 1630 1176 1712 vigeret

308 1762 409 1823 quove
432 1743 525 1809 modo
550 1745 702 1810 distracta
724 1745 843 1812 rediret
864 1745 898 1808 in
922 1744 1014 1808 ordia
1034 1745 1158 1828 prima,

307 1876 390 1921 nuno
412 1878 509 1943 agere
531 1860 680 1944 incipiam
703 1860 781 1942 tibi,
799 1860 885 1942 quod
907 1864 1069 1925 vementer
1089 1859 1131 1922 ad
1154 1857 1212 1921 has
1235 1877 1286 1922 res

250 1991 282 2038 ao
307 1972 437 2058 attinet,
455 1993 528 2040 esse
552 1995 590 2040 ea
613 1995 696 2057 quae
719 1995 823 2039 rerum
846 1975 1019 2039 simulacra
1041 1993 1213 2055 vocamus3
1308 2005 1310 2012 ⁴

308 2107 408 2172 quae,
427 2090 517 2170 quasi
540 2091 745 2155 membranae
769 2111 892 2156 summo
916 2089 957 2154 de
980 2107 1113 2172 corpore
1135 2107 1240 2152 rerum

307 2201 479 2288 dereptae,
496 2205 630 2271 volitant
651 2205 797 2286 ultroque
821 2205 963 2287 citroque
984 2222 1042 2288 per
1064 2223 1182 2281 auras,

307 2324 402 2399 atque
426 2319 541 2384 eadem
563 2320 656 2385 nobis
678 2320 882 2403 vigilantibus
905 2319 1001 2384 obvia
1024 2323 1147 2382 mentes

306 2432 480 2497 terrifioant
501 2439 597 2515 atque
619 2435 652 2499 in
675 2434 815 2512 somnis,
832 2453 902 2498 oum
926 2453 1026 2517 saepe
1049 2431 1168 2515 figuras

249 2568 281 2615 aa
307 2548 484 2612 contuimur
507 2549 603 2614 miras
627 2550 860 2630 simulacraque
881 2549 953 2612 tuoe
975 2554 1157 2623 carentum,

307 2681 389 2743 quae
411 2683 471 2727 nos
493 2661 641 2728 horrifice
662 2663 845 2745 languentis
867 2681 965 2747 saepe
988 2681 1103 2746 sopore

308 2778 491 2858 excierunt3
508 2797 548 2843 ne
570 2778 651 2843 forte
674 2779 797 2842 animas
820 2777 1000 2842 Acherunte
1022 2796 1150 2842 reamur

306 2891 446 2974 effugere
470 2898 525 2956 aut
547 2891 674 2955 umbras
691 2893 778 2956 'inter
800 2891 892 2957 viros
914 2893 1070 2969 volitare,

306 3025 387 3071 neve
410 3007 530 3088 aliquid
554 3006 654 3072 nostri
676 3012 902 3090 postmortem
925 3025 1021 3090 posse
1045 3007 1200 3090 relinqui,

248 3139 282 3186 40
307 3138 379 3184 oum
402 3141 517 3206 eorpus
540 3123 632 3186 simul
656 3129 751 3204 atque
774 3122 869 3186 animi
894 3128 1007 3186 natura
1029 3128 1196 3206 perempta

308 3236 340 3298 in
363 3255 423 3300 sua
445 3236 620 3302 discessum
644 3238 792 3302 dederint
813 3237 989 3321 primordia
1012 3237 1168 3319 quoique.

351 3350 430 3415 Dioo
451 3350 546 3434 igitur
568 3372 670 3416 rerum
694 3351 819 3432 effigias
841 3352 1010 3433 tenuisque
1032 3350 1151 3432 figuras

306 3465 424 3529 mittier
445 3467 487 3529 ab
510 3465 624 3548 rebus,
642 3483 764 3530 summo
788 3465 829 3530 de
852 3484 984 3548 corpore
1006 3485 1129 3542 rerum,

249 3600 279 3646 or
307 3597 390 3660 quae
414 3581 505 3660 quasi
529 3580 734 3664 membranae
756 3579 808 3644 vel
830 3585 939 3644 oortex
962 3577 1230 3661 nominitandast,

307 3691 391 3774 quod
415 3692 553 3776 speeiem
576 3713 614 3758 ao
636 3692 771 3757 sormam
794 3692 929 3758 similem
951 3691 1032 3774 gerit
1055 3691 1123 3757 eius
1145 3691 1273 3773 imago,

306 3807 395 3872 ouius
419 3827 552 3888 eumque
575 3808 659 3872 eluet
682 3807 722 3872 de
746 3825 880 3889 corpore
902 3805 975 3871 fusa
996 3806 1131 3886 vagari.

247 3944 281 3988 44
305 3921 339 3985 id
361 3921 437 3986 lieet
458 3921 533 3985 hino
556 3921 701 4003 quamvis
724 3920 832 3986 hebeti
856 3940 1050 4003 cognoscere
1072 3920 1189 3987 eorde.

248 4057 281 4102 44
306 4035 462 4120 prinoipio
487 4036 638 4117 quoniam
659 4035 785 4100 mittunt
807 4034 838 4098 in
862 4036 957 4102 rebus
980 4035 1098 4122 apertis

308 4305 339 4350 21
360 4302 440 4365 plerio
460 4298 475 4369 Η
494 4303 525 4349 41
546 4315 677 4363 quaeque.
699 4297 712 4368 Η
732 4302 765 4349 42
785 4301 891 4365 effugias
911 4299 925 4370 Η
945 4305 978 4351 43
998 4303 1091 4351 cortice
1110 4315 1213 4348 eorum.
1235 4299 1247 4368 11
1271 4303 1428 4352 45—48==
1459 4305 1466 4319 ’

308 4390 490 4447 ιιι,31-34,
509 4384 524 4456 ΙΙ
544 4388 769 4436 4950=293o
791 4385 804 4454 Η
825 4391 855 4436 51
878 4389 927 4448 Qui
948 4386 962 4456 11
982 4391 1015 4437 53
1034 4389 1100 4437 eivet
1119 4383 1133 4453 ΙΙ
1153 4390 1186 4436 54
1205 4389 1338 4438 mittuntur
