3140 5032
693 421 735 486 Vl

141 597 273 664 irrrrrida
297 617 366 660 cunr
392 595 475 659 caeli
499 593 673 658 scintillare
698 595 805 658 omnia
829 597 949 680 templa

78 735 127 782 645
153 717 320 777 cernentes
342 709 460 792 pavida
484 708 687 792 complebant
709 715 840 792 pectora
863 731 957 786 cura,

154 825 232 908 quid
254 823 541 888 molireturrerum
567 829 679 887 natura
701 845 876 888 novarum.

192 940 288 1003 Hisce
311 938 368 1002 tibi
392 939 423 1001 in
447 916 542 1002 rebus
564 938 658 1002 latest
681 939 811 1020 alteque
834 939 1005 1003 videndum

153 1062 186 1119 et
210 1055 306 1135 longe
330 1061 460 1117 cunctas
483 1053 515 1115 in
539 1053 639 1136 partis
663 1051 917 1137 dispiciendam,

153 1175 187 1232 ut
209 1168 423 1233 reminiscaris
447 1188 603 1232 summam
627 1188 732 1232 rerum
757 1187 829 1233 esse
852 1169 1063 1252 profundam,

76 1305 127 1351 656
154 1292 184 1348 66
205 1283 317 1348 666666
341 1262 469 1347 caelum
488 1283 623 1352 summai
645 1283 741 1346 totius
764 1303 862 1345 unum

4 1381 5 1388 ἶ
153 1419 246 1480 qnam
270 1399 310 1462 sit
332 1397 467 1482 parvula
491 1417 566 1480 pars
590 1403 621 1461 et
645 1418 738 1477 quam
762 1397 943 1461 multesima
967 1407 1109 1472 constet,

154 1533 213 1578 nec
234 1519 301 1576 tota
323 1533 420 1598 pars,
437 1512 532 1576 homo
555 1512 650 1576 terrai
676 1516 774 1592 quota
796 1512 893 1575 totius
918 1489 1020 1577 unus.

153 1629 238 1710 quod
262 1629 343 1691 bene
366 1627 564 1709 propositum
587 1627 613 1689 si
638 1627 734 1708 plane
758 1633 930 1691 contueare

152 1763 191 1808 ac
212 1743 325 1807 videas
348 1743 464 1826 plane,
481 1741 587 1804 mirari
613 1741 710 1804 multa
735 1739 917 1821 relinquas.

76 1877 127 1922 655
153 1857 301 1940 numquis
324 1858 406 1922 eninr
432 1864 571 1920 nostrum
595 1856 747 1937 miratur,
765 1855 865 1936 siquis
887 1854 919 1917 in
943 1861 1028 1921 artus

152 1972 274 2054 accepit
296 1971 399 2035 aalide
422 1971 535 2036 febrim
559 1970 682 2034 fervore
706 1976 847 2034 coortam

153 2091 207 2148 aut
228 2085 326 2148 alium
349 2085 493 2166 quemvis
516 2085 618 2149 morbi
641 2103 699 2167 per
722 2087 862 2150 membra
885 2086 1058 2150 dolorem?

152 2201 345 2282 opturgescit
368 2199 453 2262 enim
476 2198 581 2262 subito
604 2218 682 2282 pec,
700 2200 809 2283 arripit
831 2221 907 2265 acer

151 2334 250 2398 saepe
273 2314 365 2378 dolor
388 2315 519 2397 dentes,
536 2315 647 2378 oculos
669 2313 790 2377 invadit
812 2315 845 2377 in
868 2315 977 2398 ipsos,

76 2447 126 2493 cco
152 2429 257 2492 existit
279 2449 369 2493 sacer
391 2429 474 2513 ignis
498 2437 529 2493 et
550 2429 612 2492 urit
635 2447 768 2510 corpore
792 2449 924 2512 serpeus

154 2562 246 2623 quarn
271 2563 403 2624 cumque
426 2544 560 2627 arripuit
583 2543 694 2626 partinr
709 2593 716 2626 ,
733 2543 877 2626 repitque
899 2563 956 2628 per
978 2552 1085 2626 artus,

152 2656 184 2719 ni
209 2659 317 2721 mirum
332 2711 339 2736 ,
356 2660 431 2740 quia
453 2665 525 2724 sunt
548 2658 717 2721 multarum
741 2657 864 2722 semina
887 2679 1014 2742 rerum,

152 2777 184 2836 66
206 2773 284 2837 satis
307 2773 387 2838 hacc
409 2773 504 2838 tellus
528 2773 597 2838 orbi
621 2773 809 2853 caelumque
832 2773 906 2836 mali
930 2773 1012 2856 fert,

150 2885 235 2951 uude
260 2893 357 2969 queat
378 2887 426 2952 vis
448 2888 593 2954 immensi
618 2907 822 2971 procrescere
846 2888 967 2953 morbi.

75 3020 127 3066 665
152 2999 198 3064 666
219 3001 314 3081 igitur
336 3001 393 3064 toti
418 3003 506 3066 caelo
530 3009 695 3084 terraeque
709 3002 926 3086 putandumst

152 3133 191 3177 ex
213 3114 337 3179 infinito
361 3117 441 3180 satis
464 3117 570 3180 omnia
594 3116 820 3201 suppeditare,

151 3229 236 3294 unde
260 3237 392 3314 repente
415 3236 513 3311 queat
535 3231 630 3294 tellus
653 3251 810 3296 concussa
832 3229 951 3294 moveri

150 3365 270 3427 perque
293 3365 382 3410 mare
406 3365 446 3409 ac
467 3350 568 3410 terras
590 3346 724 3429 rapidus
746 3365 930 3430 percurrere
953 3345 1067 3419 turbo,

138 3443 235 3538 ‘ignis
258 3459 423 3524 abundare
446 3460 627 3537 Aetnaeus,
643 3459 860 3524 flammescere
883 3460 1028 3525 caelum:

6 3549 7 3560 ἵ
72 3594 126 3641 cro
151 3571 185 3636 id
209 3594 336 3656 666666
359 3575 443 3639 enim
466 3573 520 3658 fit,
539 3580 570 3638 66
593 3574 765 3638 ardescunt
788 3573 938 3638 caelestia
960 3573 1099 3657 templa,

151 3693 183 3753 et
205 3694 410 3772 tempestates
432 3688 561 3772 pluviae
585 3688 732 3771 graviore
754 3695 864 3754 coortu

150 3809 244 3880 sunt,
261 3803 315 3866 ubi
338 3802 420 3867 forte
443 3803 488 3866 ita
510 3823 544 3867 66
567 3803 737 3868 tetulerunt
758 3802 880 3866 semina
901 3823 1078 3882 aquarum.

144 3913 194 3982 ‘at
216 3917 310 3982 nimis
333 3925 381 3981 cst
402 3917 517 3998 ingens
538 3917 666 3982 incendi
690 3915 836 3980 turbidus
859 3911 978 3979 ardor?
1156 3899 1158 3905 ¹

148 4032 290 4111 scilicet,
306 4038 338 4097 et
358 4031 473 4097 fluvius
495 4032 601 4114 quivis
623 4037 672 4098 666
693 4029 852 4104 maxim·
875 4029 904 4092 ei

151 4203 352 4212 ———-—-—-

154 4307 202 4353 648
216 4307 405 4370 despiciendum
419 4344 424 4354 .
440 4303 453 4372 ΙΙ
474 4307 524 4354 653
538 4303 681 4368 propositus
703 4299 715 4368 ΙΙ
735 4301 805 4364 plani
826 4300 839 4370 Η
861 4304 910 4352 668
925 4301 1084 4351 Obtureescit
1104 4297 1117 4368 Η
1139 4302 1188 4349 662
1202 4299 1244 4362 666
1260 4297 1273 4369 Η

153 4393 203 4443 663
224 4395 305 4442 morbi
326 4391 339 4462 ss
361 4397 410 4444 667
432 4409 555 4445 concusso
577 4397 590 4459 6
612 4395 663 4442 664
682 4391 725 4454 qui
745 4391 812 4439 visus

1011 4483 1074 4558 15*
