<?xml version="1.0" encoding="UTF-8"?>
<!DOCTYPE html PUBLIC "-//W3C//DTD XHTML 1.0 Transitional//EN"
    "http://www.w3.org/TR/xhtml1/DTD/xhtml1-transitional.dtd">
<html xmlns="http://www.w3.org/1999/xhtml" xml:lang="en" lang="en">
 <head>
  <title>
</title>
<meta http-equiv="Content-Type" content="text/html;charset=utf-8" />
  <meta name='ocr-system' content='tesseract 3.04.00' />
  <meta name='ocr-capabilities' content='ocr_page ocr_carea ocr_par ocr_line ocrx_word'/>
</head>
<body>
  <div class='ocr_page' id='page_1' title='image "./tlucreticarider25carugoog_0218.png"; bbox 0 0 3140 5032; ppageno 0'>
   <div class='ocr_carea' id='block_1_1' title="bbox 699 383 743 447">
    <p class='ocr_par' dir='ltr' id='par_1_1' title="bbox 699 383 743 447">
     <span class='ocr_line' id='line_1_1' title="bbox 699 383 743 447; baseline 0 0"><span class='ocrx_word' id='word_1_1' title='bbox 699 383 743 447; x_wconf 88' lang='lat' dir='ltr'>Vl</span> 
     </span>
    </p>
   </div>
   <div class='ocr_carea' id='block_1_2' title="bbox 64 555 1231 3959">
    <p class='ocr_par' dir='ltr' id='par_1_2' title="bbox 156 555 1064 870">
     <span class='ocr_line' id='line_1_2' title="bbox 156 555 1064 639; baseline 0 -19"><span class='ocrx_word' id='word_1_2' title='bbox 156 556 189 621; x_wconf 94' lang='lat' dir='ltr'>id</span> <span class='ocrx_word' id='word_1_3' title='bbox 211 555 286 621; x_wconf 89' lang='lat' dir='ltr'>lieet</span> <span class='ocrx_word' id='word_1_4' title='bbox 309 555 381 620; x_wconf 91' lang='lat' dir='ltr'>hinc</span> <span class='ocrx_word' id='word_1_5' title='bbox 404 556 500 620; x_wconf 88' lang='lat' dir='ltr'>etiam</span> <span class='ocrx_word' id='word_1_6' title='bbox 523 575 741 639; x_wconf 74' lang='lat' dir='ltr'><strong>cognoscere.</strong></span> <span class='ocrx_word' id='word_1_7' title='bbox 760 556 895 622; x_wconf 79' lang='lat' dir='ltr'>caedere</span> <span class='ocrx_word' id='word_1_8' title='bbox 918 556 945 620; x_wconf 92' lang='lat' dir='ltr'>si</span> <span class='ocrx_word' id='word_1_9' title='bbox 968 575 1064 638; x_wconf 87' lang='lat' dir='ltr'>quem</span> 
     </span>
     <span class='ocr_line' id='line_1_3' title="bbox 157 669 983 755; baseline -0.002 -19"><span class='ocrx_word' id='word_1_10' title='bbox 157 669 289 754; x_wconf 86' lang='lat' dir='ltr'>ancipiti</span> <span class='ocrx_word' id='word_1_11' title='bbox 311 669 423 735; x_wconf 89' lang='lat' dir='ltr'>videas</span> <span class='ocrx_word' id='word_1_12' title='bbox 446 670 532 735; x_wconf 88' lang='lat' dir='ltr'>ferro</span> <span class='ocrx_word' id='word_1_13' title='bbox 554 671 666 755; x_wconf 89' lang='lat' dir='ltr'>procul</span> <span class='ocrx_word' id='word_1_14' title='bbox 688 670 811 740; x_wconf 80' lang='lat' dir='ltr'>arboris</span> <span class='ocrx_word' id='word_1_15' title='bbox 835 675 983 746; x_wconf 87' lang='lat' dir='ltr'>anctum,</span> 
     </span>
     <span class='ocr_line' id='line_1_4' title="bbox 156 784 1030 870; baseline 0.002 -20"><span class='ocrx_word' id='word_1_16' title='bbox 156 791 230 850; x_wconf 90' lang='lat' dir='ltr'>ante</span> <span class='ocrx_word' id='word_1_17' title='bbox 252 784 287 850; x_wconf 87' lang='lat' dir='ltr'>fit</span> <span class='ocrx_word' id='word_1_18' title='bbox 307 792 343 850; x_wconf 92' lang='lat' dir='ltr'>ut</span> <span class='ocrx_word' id='word_1_19' title='bbox 365 805 480 851; x_wconf 89' lang='lat' dir='ltr'>cernas</span> <span class='ocrx_word' id='word_1_20' title='bbox 502 785 600 851; x_wconf 90' lang='lat' dir='ltr'>ictum</span> <span class='ocrx_word' id='word_1_21' title='bbox 624 806 720 868; x_wconf 90' lang='lat' dir='ltr'>quam</span> <span class='ocrx_word' id='word_1_22' title='bbox 742 786 843 870; x_wconf 82' lang='lat' dir='ltr'>plaga</span> <span class='ocrx_word' id='word_1_23' title='bbox 864 805 922 869; x_wconf 91' lang='lat' dir='ltr'>per</span> <span class='ocrx_word' id='word_1_24' title='bbox 944 788 1030 852; x_wconf 87' lang='lat' dir='ltr'>auris</span> 
     </span>
    </p>

    <p class='ocr_par' dir='ltr' id='par_1_3' title="bbox 64 886 1097 1205">
     <span class='ocr_line' id='line_1_5' title="bbox 64 886 1072 986; baseline 0 -19"><span class='ocrx_word' id='word_1_25' title='bbox 64 886 131 968; x_wconf 85' lang='grc' dir='ltr'>Ι118</span> <span class='ocrx_word' id='word_1_26' title='bbox 157 901 212 964; x_wconf 91' lang='lat' dir='ltr'>det</span> <span class='ocrx_word' id='word_1_27' title='bbox 234 900 392 965; x_wconf 91' lang='lat' dir='ltr'>sonitum:</span> <span class='ocrx_word' id='word_1_28' title='bbox 409 900 456 966; x_wconf 90' lang='lat' dir='ltr'>sic</span> <span class='ocrx_word' id='word_1_29' title='bbox 478 901 637 986; x_wconf 81' lang='lat' dir='ltr'><strong>fulgorem</strong></span> <span class='ocrx_word' id='word_1_30' title='bbox 662 921 790 983; x_wconf 90' lang='lat' dir='ltr'>quoque</span> <span class='ocrx_word' id='word_1_31' title='bbox 814 901 972 966; x_wconf 90' lang='lat' dir='ltr'>cernimus</span> <span class='ocrx_word' id='word_1_32' title='bbox 996 908 1072 967; x_wconf 86' lang='lat' dir='ltr'>ante</span> 
     </span>
     <span class='ocr_line' id='line_1_6' title="bbox 158 1015 1097 1101; baseline 0.001 -21"><span class='ocrx_word' id='word_1_33' title='bbox 158 1035 253 1098; x_wconf 89' lang='lat' dir='ltr'>quam</span> <span class='ocrx_word' id='word_1_34' title='bbox 276 1015 426 1080; x_wconf 87' lang='lat' dir='ltr'><strong>tonitrum</strong></span> <span class='ocrx_word' id='word_1_35' title='bbox 450 1016 644 1100; x_wconf 84' lang='lat' dir='ltr'>accipimus,</span> <span class='ocrx_word' id='word_1_36' title='bbox 660 1016 779 1100; x_wconf 89' lang='lat' dir='ltr'>pariter</span> <span class='ocrx_word' id='word_1_37' title='bbox 801 1015 855 1099; x_wconf 92' lang='lat' dir='ltr'>qui</span> <span class='ocrx_word' id='word_1_38' title='bbox 878 1015 1009 1080; x_wconf 83' lang='lat' dir='ltr'>mittitur</span> <span class='ocrx_word' id='word_1_39' title='bbox 1031 1016 1097 1101; x_wconf 82' lang='lat' dir='ltr'>igni</span> 
     </span>
     <span class='ocr_line' id='line_1_7' title="bbox 156 1129 879 1205; baseline -0.003 -8"><span class='ocrx_word' id='word_1_40' title='bbox 156 1150 174 1197; x_wconf 92' lang='lat' dir='ltr'>e</span> <span class='ocrx_word' id='word_1_41' title='bbox 197 1129 294 1196; x_wconf 83' lang='lat' dir='ltr'>simili</span> <span class='ocrx_word' id='word_1_42' title='bbox 316 1149 434 1205; x_wconf 87' lang='lat' dir='ltr'>causa,</span> <span class='ocrx_word' id='word_1_43' title='bbox 450 1149 605 1196; x_wconf 76' lang='lat' dir='ltr'><strong>concursu</strong></span> <span class='ocrx_word' id='word_1_44' title='bbox 627 1138 722 1198; x_wconf 88' lang='lat' dir='ltr'>natus</span> <span class='ocrx_word' id='word_1_45' title='bbox 746 1131 879 1196; x_wconf 87' lang='lat' dir='ltr'>eodem.</span> 
     </span>
    </p>

    <p class='ocr_par' dir='ltr' id='par_1_4' title="bbox 155 1227 1026 1443">
     <span class='ocr_line' id='line_1_8' title="bbox 195 1227 1026 1330; baseline 0 -21"><span class='ocrx_word' id='word_1_46' title='bbox 195 1247 265 1310; x_wconf 92' lang='lat' dir='ltr'>Hoc</span> <span class='ocrx_word' id='word_1_47' title='bbox 287 1243 381 1308; x_wconf 86' lang='lat' dir='ltr'>etiarn</span> <span class='ocrx_word' id='word_1_48' title='bbox 405 1251 497 1327; x_wconf 90' lang='lat' dir='ltr'>pacto</span> <span class='ocrx_word' id='word_1_49' title='bbox 520 1245 642 1310; x_wconf 87' lang='lat' dir='ltr'>volucri</span> <span class='ocrx_word' id='word_1_50' title='bbox 664 1245 736 1311; x_wconf 90' lang='lat' dir='ltr'>loca</span> <span class='ocrx_word' id='word_1_51' title='bbox 757 1227 878 1310; x_wconf 89' lang='lat' dir='ltr'>lumine</span> <span class='ocrx_word' id='word_1_52' title='bbox 899 1247 1026 1330; x_wconf 90' lang='lat' dir='ltr'>tingunt</span> 
     </span>
     <span class='ocr_line' id='line_1_9' title="bbox 155 1358 942 1443; baseline 0 -19"><span class='ocrx_word' id='word_1_53' title='bbox 155 1360 257 1424; x_wconf 86' lang='lat' dir='ltr'>nubes</span> <span class='ocrx_word' id='word_1_54' title='bbox 280 1365 311 1424; x_wconf 93' lang='lat' dir='ltr'>et</span> <span class='ocrx_word' id='word_1_55' title='bbox 332 1358 467 1423; x_wconf 89' lang='lat' dir='ltr'>tremulo</span> <span class='ocrx_word' id='word_1_56' title='bbox 489 1364 664 1443; x_wconf 81' lang='lat' dir='ltr'>tempestas</span> <span class='ocrx_word' id='word_1_57' title='bbox 686 1359 805 1443; x_wconf 90' lang='lat' dir='ltr'>impete</span> <span class='ocrx_word' id='word_1_58' title='bbox 827 1359 942 1442; x_wconf 84' lang='lat' dir='ltr'>fulgit.</span> 
     </span>
    </p>

    <p class='ocr_par' dir='ltr' id='par_1_5' title="bbox 81 1455 1013 2017">
     <span class='ocr_line' id='line_1_10' title="bbox 81 1455 987 1542; baseline -0.001 -1"><span class='ocrx_word' id='word_1_59' title='bbox 81 1495 131 1542; x_wconf 80' lang='grc'>118</span> <span class='ocrx_word' id='word_1_60' title='bbox 158 1455 271 1540; x_wconf 84' lang='lat' dir='ltr'>ventus</span> <span class='ocrx_word' id='word_1_61' title='bbox 293 1473 347 1539; x_wconf 90' lang='lat' dir='ltr'>ubi</span> <span class='ocrx_word' id='word_1_62' title='bbox 370 1473 487 1539; x_wconf 86' lang='lat' dir='ltr'>invasit</span> <span class='ocrx_word' id='word_1_63' title='bbox 506 1474 623 1538; x_wconf 88' lang='lat' dir='ltr'>nubem</span> <span class='ocrx_word' id='word_1_64' title='bbox 647 1479 679 1538; x_wconf 91' lang='lat' dir='ltr'>et</span> <span class='ocrx_word' id='word_1_65' title='bbox 700 1482 846 1541; x_wconf 86' lang='lat' dir='ltr'>versatus</span> <span class='ocrx_word' id='word_1_66' title='bbox 868 1475 987 1542; x_wconf 84' lang='lat' dir='ltr'>ibidem</span> 
     </span>
     <span class='ocr_line' id='line_1_11' title="bbox 156 1586 1013 1672; baseline 0.001 -19"><span class='ocrx_word' id='word_1_67' title='bbox 156 1589 232 1655; x_wconf 88' lang='lat' dir='ltr'>fecit</span> <span class='ocrx_word' id='word_1_68' title='bbox 254 1595 288 1654; x_wconf 90' lang='lat' dir='ltr'>ut</span> <span class='ocrx_word' id='word_1_69' title='bbox 310 1595 383 1653; x_wconf 91' lang='lat' dir='ltr'>ante</span> <span class='ocrx_word' id='word_1_70' title='bbox 406 1607 516 1652; x_wconf 87' lang='lat' dir='ltr'>cavam</span> <span class='ocrx_word' id='word_1_71' title='bbox 539 1586 634 1653; x_wconf 90' lang='lat' dir='ltr'>docui</span> <span class='ocrx_word' id='word_1_72' title='bbox 657 1587 853 1672; x_wconf 79' lang='lat' dir='ltr'>spissescere</span> <span class='ocrx_word' id='word_1_73' title='bbox 876 1590 1013 1667; x_wconf 82' lang='lat' dir='ltr'>nubem,</span> 
     </span>
     <span class='ocr_line' id='line_1_12' title="bbox 153 1691 889 1785; baseline -0.001 -17"><span class='ocrx_word' id='word_1_74' title='bbox 153 1703 329 1769; x_wconf 85' lang='lat' dir='ltr'>mobilitate</span> <span class='ocrx_word' id='word_1_75' title='bbox 352 1721 411 1767; x_wconf 89' lang='lat' dir='ltr'>sua</span> <span class='ocrx_word' id='word_1_76' title='bbox 431 1691 598 1785; x_wconf 84' lang='lat' dir='ltr'>fervescit;</span> <span class='ocrx_word' id='word_1_77' title='bbox 615 1707 649 1766; x_wconf 89' lang='lat' dir='ltr'>ut</span> <span class='ocrx_word' id='word_1_78' title='bbox 672 1703 780 1768; x_wconf 87' lang='lat' dir='ltr'>omnia</span> <span class='ocrx_word' id='word_1_79' title='bbox 802 1708 889 1769; x_wconf 90' lang='lat' dir='ltr'>motu</span> 
     </span>
     <span class='ocr_line' id='line_1_13' title="bbox 152 1815 959 1903; baseline -0.001 -21"><span class='ocrx_word' id='word_1_80' title='bbox 152 1815 369 1903; x_wconf 86' lang='lat' dir='ltr'>percalefacta</span> <span class='ocrx_word' id='word_1_81' title='bbox 390 1815 480 1882; x_wconf 86' lang='lat' dir='ltr'>vides</span> <span class='ocrx_word' id='word_1_82' title='bbox 502 1816 691 1901; x_wconf 85' lang='lat' dir='ltr'>ardescere,</span> <span class='ocrx_word' id='word_1_83' title='bbox 708 1818 860 1901; x_wconf 86' lang='lat' dir='ltr'>plumbea</span> <span class='ocrx_word' id='word_1_84' title='bbox 883 1837 959 1883; x_wconf 86' lang='lat' dir='ltr'>vero</span> 
     </span>
     <span class='ocr_line' id='line_1_14' title="bbox 152 1910 1009 2017; baseline 0.001 -22"><span class='ocrx_word' id='word_1_85' title='bbox 152 1910 245 2017; x_wconf 77' lang='lat' dir='ltr'>glans</span> <span class='ocrx_word' id='word_1_86' title='bbox 267 1931 363 1996; x_wconf 89' lang='lat' dir='ltr'>etiam</span> <span class='ocrx_word' id='word_1_87' title='bbox 386 1931 484 2015; x_wconf 91' lang='lat' dir='ltr'>longo</span> <span class='ocrx_word' id='word_1_88' title='bbox 507 1951 602 1998; x_wconf 91' lang='lat' dir='ltr'>cursu</span> <span class='ocrx_word' id='word_1_89' title='bbox 622 1932 785 1998; x_wconf 88' lang='lat' dir='ltr'>volvenda</span> <span class='ocrx_word' id='word_1_90' title='bbox 808 1933 958 2000; x_wconf 84' lang='lat' dir='ltr'>calescit.</span> <span class='ocrx_word' id='word_1_91' title='bbox 1004 1925 1009 1935; x_wconf 79' lang='grc'><em>“</em></span> 
     </span>
    </p>

    <p class='ocr_par' dir='ltr' id='par_1_6' title="bbox 77 2044 1117 2586">
     <span class='ocr_line' id='line_1_15' title="bbox 77 2044 1021 2133; baseline -0.002 -19"><span class='ocrx_word' id='word_1_92' title='bbox 77 2067 128 2114; x_wconf 87' lang='grc'>188</span> <span class='ocrx_word' id='word_1_93' title='bbox 153 2066 230 2130; x_wconf 90' lang='lat' dir='ltr'>ergo</span> <span class='ocrx_word' id='word_1_94' title='bbox 253 2044 395 2111; x_wconf 89' lang='lat' dir='ltr'>fervidus</span> <span class='ocrx_word' id='word_1_95' title='bbox 417 2045 469 2110; x_wconf 88' lang='lat' dir='ltr'>hic</span> <span class='ocrx_word' id='word_1_96' title='bbox 492 2046 608 2110; x_wconf 90' lang='lat' dir='ltr'>nubem</span> <span class='ocrx_word' id='word_1_97' title='bbox 632 2067 701 2112; x_wconf 91' lang='lat' dir='ltr'>cum</span> <span class='ocrx_word' id='word_1_98' title='bbox 725 2048 878 2130; x_wconf 82' lang='lat' dir='ltr'>perscidit</span> <span class='ocrx_word' id='word_1_99' title='bbox 900 2054 1021 2133; x_wconf 87' lang='lat' dir='ltr'>atram,</span> 
     </span>
     <span class='ocr_line' id='line_1_16' title="bbox 153 2159 1047 2246; baseline 0.003 -21"><span class='ocrx_word' id='word_1_100' title='bbox 153 2160 290 2244; x_wconf 85' lang='lat' dir='ltr'>dissipat</span> <span class='ocrx_word' id='word_1_101' title='bbox 312 2159 436 2224; x_wconf 85' lang='lat' dir='ltr'>ardoris</span> <span class='ocrx_word' id='word_1_102' title='bbox 460 2160 552 2242; x_wconf 90' lang='lat' dir='ltr'>quasi</span> <span class='ocrx_word' id='word_1_103' title='bbox 573 2180 631 2244; x_wconf 88' lang='lat' dir='ltr'>per</span> <span class='ocrx_word' id='word_1_104' title='bbox 652 2161 715 2226; x_wconf 85' lang='lat' dir='ltr'>vim</span> <span class='ocrx_word' id='word_1_105' title='bbox 740 2181 894 2244; x_wconf 84' lang='lat' dir='ltr'>expressa</span> <span class='ocrx_word' id='word_1_106' title='bbox 916 2168 1047 2246; x_wconf 86' lang='lat' dir='ltr'>repente</span> 
     </span>
     <span class='ocr_line' id='line_1_17' title="bbox 152 2272 1060 2356; baseline 0.001 -15"><span class='ocrx_word' id='word_1_107' title='bbox 152 2275 297 2352; x_wconf 78' lang='lat' dir='ltr'>aomina,</span> <span class='ocrx_word' id='word_1_108' title='bbox 314 2293 398 2356; x_wconf 90' lang='lat' dir='ltr'>quae</span> <span class='ocrx_word' id='word_1_109' title='bbox 420 2272 542 2338; x_wconf 91' lang='lat' dir='ltr'>faciunt</span> <span class='ocrx_word' id='word_1_110' title='bbox 562 2274 715 2338; x_wconf 86' lang='lat' dir='ltr'>nictantia</span> <span class='ocrx_word' id='word_1_111' title='bbox 738 2273 868 2356; x_wconf 84' lang='lat' dir='ltr'>fulgura</span> <span class='ocrx_word' id='word_1_112' title='bbox 891 2275 1060 2342; x_wconf 87' lang='lat' dir='ltr'>flammae:</span> 
     </span>
     <span class='ocr_line' id='line_1_18' title="bbox 153 2388 997 2470; baseline 0.002 -16"><span class='ocrx_word' id='word_1_113' title='bbox 153 2389 230 2454; x_wconf 91' lang='lat' dir='ltr'>inde</span> <span class='ocrx_word' id='word_1_114' title='bbox 253 2408 352 2454; x_wconf 90' lang='lat' dir='ltr'>sonus</span> <span class='ocrx_word' id='word_1_115' title='bbox 376 2388 538 2470; x_wconf 86' lang='lat' dir='ltr'>sequitur,</span> <span class='ocrx_word' id='word_1_116' title='bbox 556 2389 619 2470; x_wconf 84' lang='lat' dir='ltr'>qui&#39;</span> <span class='ocrx_word' id='word_1_117' title='bbox 632 2388 755 2456; x_wconf 86' lang='lat' dir='ltr'>tardius</span> <span class='ocrx_word' id='word_1_118' title='bbox 779 2388 888 2456; x_wconf 86' lang='lat' dir='ltr'>adficit</span> <span class='ocrx_word' id='word_1_119' title='bbox 909 2391 997 2456; x_wconf 86' lang='lat' dir='ltr'>auris</span> 
     </span>
     <span class='ocr_line' id='line_1_19' title="bbox 152 2501 1117 2586; baseline 0.006 -20"><span class='ocrx_word' id='word_1_120' title='bbox 152 2521 249 2585; x_wconf 87' lang='lat' dir='ltr'>quam</span> <span class='ocrx_word' id='word_1_121' title='bbox 271 2522 355 2584; x_wconf 90' lang='lat' dir='ltr'>quae</span> <span class='ocrx_word' id='word_1_122' title='bbox 376 2501 568 2586; x_wconf 85' lang='lat' dir='ltr'>perveniunt</span> <span class='ocrx_word' id='word_1_123' title='bbox 590 2505 756 2569; x_wconf 85' lang='lat' dir='ltr'>oculorum</span> <span class='ocrx_word' id='word_1_124' title='bbox 778 2503 823 2568; x_wconf 90' lang='lat' dir='ltr'>ad</span> <span class='ocrx_word' id='word_1_125' title='bbox 845 2504 965 2569; x_wconf 90' lang='lat' dir='ltr'>lumina</span> <span class='ocrx_word' id='word_1_126' title='bbox 988 2513 1117 2572; x_wconf 89' lang='lat' dir='ltr'>nostra.</span> 
     </span>
    </p>

    <p class='ocr_par' dir='ltr' id='par_1_7' title="bbox 78 2617 979 2816">
     <span class='ocr_line' id='line_1_20' title="bbox 78 2617 979 2700; baseline -0.006 -13"><span class='ocrx_word' id='word_1_127' title='bbox 78 2639 129 2687; x_wconf 79' lang='grc'>188</span> <span class='ocrx_word' id='word_1_128' title='bbox 156 2617 297 2700; x_wconf 89' lang='lat' dir='ltr'>seilicet,</span> <span class='ocrx_word' id='word_1_129' title='bbox 314 2617 375 2684; x_wconf 93' lang='lat' dir='ltr'>hoe</span> <span class='ocrx_word' id='word_1_130' title='bbox 397 2617 507 2682; x_wconf 87' lang='lat' dir='ltr'>densis</span> <span class='ocrx_word' id='word_1_131' title='bbox 530 2617 564 2682; x_wconf 89' lang='lat' dir='ltr'>lit</span> <span class='ocrx_word' id='word_1_132' title='bbox 586 2619 723 2683; x_wconf 90' lang='lat' dir='ltr'>nubibus</span> <span class='ocrx_word' id='word_1_133' title='bbox 747 2618 894 2684; x_wconf 87' lang='grc'>8181111111</span> <span class='ocrx_word' id='word_1_134' title='bbox 916 2619 979 2682; x_wconf 88' lang='grc'>8118</span> 
     </span>
     <span class='ocr_line' id='line_1_21' title="bbox 153 2731 885 2816; baseline -0.003 -19"><span class='ocrx_word' id='word_1_135' title='bbox 153 2731 302 2797; x_wconf 82' lang='lat' dir='ltr'>extructis</span> <span class='ocrx_word' id='word_1_136' title='bbox 326 2731 502 2796; x_wconf 87' lang='grc'>8111881188</span> <span class='ocrx_word' id='word_1_137' title='bbox 525 2751 621 2816; x_wconf 87' lang='lat' dir='ltr'>super</span> <span class='ocrx_word' id='word_1_138' title='bbox 643 2731 762 2816; x_wconf 86' lang='grc'>11811818</span> <span class='ocrx_word' id='word_1_139' title='bbox 785 2732 885 2796; x_wconf 89' lang='lat' dir='ltr'>miro.</span> 
     </span>
    </p>

    <p class='ocr_par' dir='ltr' id='par_1_8' title="bbox 77 2846 1001 3386">
     <span class='ocr_line' id='line_1_22' title="bbox 77 2846 1001 2930; baseline -0.002 -16"><span class='ocrx_word' id='word_1_140' title='bbox 77 2867 127 2914; x_wconf 90' lang='grc'>188</span> <span class='ocrx_word' id='word_1_141' title='bbox 153 2847 385 2930; x_wconf 88' lang='lat' dir='ltr'>contemplator</span> <span class='ocrx_word' id='word_1_142' title='bbox 407 2847 511 2929; x_wconf 85' lang='lat' dir='ltr'>enim,</span> <span class='ocrx_word' id='word_1_143' title='bbox 528 2867 599 2912; x_wconf 91' lang='lat' dir='ltr'>cum</span> <span class='ocrx_word' id='word_1_144' title='bbox 622 2847 782 2912; x_wconf 90' lang='lat' dir='ltr'>montibus</span> <span class='ocrx_word' id='word_1_145' title='bbox 805 2846 1001 2912; x_wconf 89' lang='lat' dir='ltr'>adsimulata</span> 
     </span>
     <span class='ocr_line' id='line_1_23' title="bbox 154 2960 992 3044; baseline 0.005 -21"><span class='ocrx_word' id='word_1_146' title='bbox 154 2960 265 3024; x_wconf 89' lang='lat' dir='ltr'>nubila</span> <span class='ocrx_word' id='word_1_147' title='bbox 286 2961 458 3043; x_wconf 88' lang='lat' dir='ltr'>portabunt</span> <span class='ocrx_word' id='word_1_148' title='bbox 480 2962 565 3026; x_wconf 89' lang='lat' dir='ltr'>venti</span> <span class='ocrx_word' id='word_1_149' title='bbox 588 2967 773 3026; x_wconf 86' lang='lat' dir='ltr'>transversa</span> <span class='ocrx_word' id='word_1_150' title='bbox 795 2981 853 3044; x_wconf 90' lang='lat' dir='ltr'>per</span> <span class='ocrx_word' id='word_1_151' title='bbox 875 2981 992 3039; x_wconf 83' lang='lat' dir='ltr'>auras,</span> 
     </span>
     <span class='ocr_line' id='line_1_24' title="bbox 152 3073 987 3157; baseline 0.001 -19"><span class='ocrx_word' id='word_1_152' title='bbox 152 3079 206 3138; x_wconf 90' lang='lat' dir='ltr'>ant</span> <span class='ocrx_word' id='word_1_153' title='bbox 228 3073 284 3138; x_wconf 89' lang='lat' dir='ltr'>ubi</span> <span class='ocrx_word' id='word_1_154' title='bbox 306 3093 362 3157; x_wconf 89' lang='lat' dir='ltr'>per</span> <span class='ocrx_word' id='word_1_155' title='bbox 384 3094 520 3156; x_wconf 87' lang='lat' dir='ltr'>magnos</span> <span class='ocrx_word' id='word_1_156' title='bbox 542 3076 658 3140; x_wconf 89' lang='lat' dir='ltr'>montis</span> <span class='ocrx_word' id='word_1_157' title='bbox 681 3074 842 3140; x_wconf 87' lang='lat' dir='ltr'>cumulata</span> <span class='ocrx_word' id='word_1_158' title='bbox 864 3074 987 3140; x_wconf 87' lang='lat' dir='ltr'>videbis</span> 
     </span>
     <span class='ocr_line' id='line_1_25' title="bbox 151 3188 1000 3272; baseline 0.004 -21"><span class='ocrx_word' id='word_1_159' title='bbox 151 3188 283 3272; x_wconf 86' lang='lat' dir='ltr'>insuper</span> <span class='ocrx_word' id='word_1_160' title='bbox 306 3208 378 3255; x_wconf 89' lang='lat' dir='ltr'>esse</span> <span class='ocrx_word' id='word_1_161' title='bbox 400 3189 472 3254; x_wconf 88' lang='lat' dir='ltr'>aliis</span> <span class='ocrx_word' id='word_1_162' title='bbox 495 3188 561 3252; x_wconf 89' lang='grc'>8118</span> <span class='ocrx_word' id='word_1_163' title='bbox 583 3195 678 3270; x_wconf 86' lang='lat' dir='ltr'>atque</span> <span class='ocrx_word' id='word_1_164' title='bbox 701 3205 838 3269; x_wconf 83' lang='lat' dir='ltr'>urguere</span> <span class='ocrx_word' id='word_1_165' title='bbox 861 3206 1000 3271; x_wconf 84' lang='lat' dir='ltr'>superne</span> 
     </span>
     <span class='ocr_line' id='line_1_26' title="bbox 151 3302 941 3386; baseline 0.001 -21"><span class='ocrx_word' id='word_1_166' title='bbox 151 3303 185 3366; x_wconf 90' lang='lat' dir='ltr'>iu</span> <span class='ocrx_word' id='word_1_167' title='bbox 208 3302 345 3368; x_wconf 86' lang='lat' dir='ltr'>statione</span> <span class='ocrx_word' id='word_1_168' title='bbox 367 3303 474 3368; x_wconf 86' lang='lat' dir='ltr'>locata</span> <span class='ocrx_word' id='word_1_169' title='bbox 497 3302 631 3386; x_wconf 89' lang='lat' dir='ltr'>sepultis</span> <span class='ocrx_word' id='word_1_170' title='bbox 654 3303 796 3384; x_wconf 89' lang='lat' dir='ltr'>undiquc</span> <span class='ocrx_word' id='word_1_171' title='bbox 818 3302 941 3384; x_wconf 78' lang='lat' dir='ltr'>ventis3</span> 
     </span>
    </p>

    <p class='ocr_par' dir='ltr' id='par_1_9' title="bbox 76 3415 1231 3616">
     <span class='ocr_line' id='line_1_27' title="bbox 76 3415 950 3500; baseline 0.001 -18"><span class='ocrx_word' id='word_1_172' title='bbox 76 3436 125 3483; x_wconf 86' lang='grc'>181</span> <span class='ocrx_word' id='word_1_173' title='bbox 152 3436 193 3481; x_wconf 89' lang='grc'>88</span> <span class='ocrx_word' id='word_1_174' title='bbox 214 3417 272 3482; x_wconf 90' lang='lat' dir='ltr'>tibi</span> <span class='ocrx_word' id='word_1_175' title='bbox 295 3418 336 3482; x_wconf 93' lang='lat' dir='ltr'>sit</span> <span class='ocrx_word' id='word_1_176' title='bbox 357 3416 443 3482; x_wconf 89' lang='lat' dir='ltr'>frudi</span> <span class='ocrx_word' id='word_1_177' title='bbox 466 3417 552 3500; x_wconf 94' lang='lat' dir='ltr'>quod</span> <span class='ocrx_word' id='word_1_178' title='bbox 575 3438 634 3482; x_wconf 91' lang='lat' dir='ltr'>nos</span> <span class='ocrx_word' id='word_1_179' title='bbox 656 3415 782 3482; x_wconf 88' lang='lat' dir='ltr'>inferne</span> <span class='ocrx_word' id='word_1_180' title='bbox 804 3415 950 3483; x_wconf 87' lang='lat' dir='ltr'>videmus</span> 
     </span>
     <span class='ocr_line' id='line_1_28' title="bbox 152 3532 1231 3616; baseline 0.007 -22"><span class='ocrx_word' id='word_1_181' title='bbox 152 3550 248 3612; x_wconf 90' lang='lat' dir='ltr'>quam</span> <span class='ocrx_word' id='word_1_182' title='bbox 269 3532 332 3597; x_wconf 90' lang='lat' dir='ltr'>sint</span> <span class='ocrx_word' id='word_1_183' title='bbox 353 3533 420 3598; x_wconf 86' lang='lat' dir='ltr'>lata</span> <span class='ocrx_word' id='word_1_184' title='bbox 442 3532 547 3613; x_wconf 87' lang='lat' dir='ltr'>magis</span> <span class='ocrx_word' id='word_1_185' title='bbox 569 3552 666 3614; x_wconf 89' lang='lat' dir='ltr'>quam</span> <span class='ocrx_word' id='word_1_186' title='bbox 688 3551 814 3596; x_wconf 91' lang='lat' dir='ltr'>sursum</span> <span class='ocrx_word' id='word_1_187' title='bbox 837 3539 981 3598; x_wconf 84' lang='lat' dir='ltr'>extructa</span> <span class='ocrx_word' id='word_1_188' title='bbox 1002 3532 1080 3616; x_wconf 90' lang='lat' dir='ltr'>quid</span> <span class='ocrx_word' id='word_1_189' title='bbox 1103 3541 1231 3602; x_wconf 82' lang='lat' dir='ltr'>extent.</span> 
     </span>
    </p>

    <p class='ocr_par' dir='ltr' id='par_1_10' title="bbox 76 3647 1011 3959">
     <span class='ocr_line' id='line_1_29' title="bbox 76 3647 990 3732; baseline 0 -22"><span class='ocrx_word' id='word_1_190' title='bbox 76 3665 128 3711; x_wconf 84' lang='lat'>194</span> <span class='ocrx_word' id='word_1_191' title='bbox 151 3649 215 3708; x_wconf 92' lang='lat' dir='ltr'>tum</span> <span class='ocrx_word' id='word_1_192' title='bbox 239 3647 358 3729; x_wconf 90' lang='lat' dir='ltr'>poteris</span> <span class='ocrx_word' id='word_1_193' title='bbox 381 3667 517 3728; x_wconf 87' lang='lat' dir='ltr'>magnas</span> <span class='ocrx_word' id='word_1_194' title='bbox 539 3648 640 3712; x_wconf 91' lang='lat' dir='ltr'>moles</span> <span class='ocrx_word' id='word_1_195' title='bbox 664 3666 858 3732; x_wconf 83' lang='lat' dir='ltr'>cognoscere</span> <span class='ocrx_word' id='word_1_196' title='bbox 881 3667 990 3712; x_wconf 90' lang='lat' dir='ltr'>eorum</span> 
     </span>
     <span class='ocr_line' id='line_1_30' title="bbox 152 3760 1011 3844; baseline 0.002 -20"><span class='ocrx_word' id='word_1_197' title='bbox 152 3760 386 3842; x_wconf 81' lang='lat' dir='ltr'>speluncasque</span> <span class='ocrx_word' id='word_1_198' title='bbox 409 3762 459 3826; x_wconf 91' lang='lat' dir='ltr'>vel</span> <span class='ocrx_word' id='word_1_199' title='bbox 482 3766 517 3824; x_wconf 94' lang='lat' dir='ltr'>ut</span> <span class='ocrx_word' id='word_1_200' title='bbox 538 3761 625 3826; x_wconf 86' lang='lat' dir='ltr'>saxis</span> <span class='ocrx_word' id='word_1_201' title='bbox 648 3761 852 3844; x_wconf 88' lang='lat' dir='ltr'>pendentibn&#39;</span> <span class='ocrx_word' id='word_1_202' title='bbox 875 3767 1011 3826; x_wconf 90' lang='lat' dir='ltr'>structas</span> 
     </span>
     <span class='ocr_line' id='line_1_31' title="bbox 153 3856 951 3959; baseline 0.001 -22"><span class='ocrx_word' id='word_1_203' title='bbox 153 3891 305 3959; x_wconf 87' lang='lat' dir='ltr'>cernere,</span> <span class='ocrx_word' id='word_1_204' title='bbox 323 3893 403 3956; x_wconf 88' lang='lat' dir='ltr'>quas</span> <span class='ocrx_word' id='word_1_205' title='bbox 425 3875 510 3940; x_wconf 89' lang='lat' dir='ltr'>venti</span> <span class='ocrx_word' id='word_1_206' title='bbox 534 3856 605 3938; x_wconf 84' lang='lat' dir='ltr'>cum</span> <span class='ocrx_word' id='word_1_207' title='bbox 627 3879 819 3956; x_wconf 87' lang='lat' dir='ltr'>tempestate</span> <span class='ocrx_word' id='word_1_208' title='bbox 842 3879 951 3939; x_wconf 87' lang='lat' dir='ltr'>coorta</span> 
     </span>
    </p>
   </div>
   <div class='ocr_carea' id='block_1_3' title="bbox 80 4145 1378 4418">
    <p class='ocr_par' dir='ltr' id='par_1_11' title="bbox 80 4145 1378 4418">
     <span class='ocr_line' id='line_1_32' title="bbox 80 4145 1378 4245; baseline 0.002 -21"><span class='ocrx_word' id='word_1_209' title='bbox 80 4197 83 4204; x_wconf 58' lang='lat'><strong><em>¹</em></strong></span> <span class='ocrx_word' id='word_1_210' title='bbox 157 4177 206 4226; x_wconf 88' lang='grc'>168</span> <span class='ocrx_word' id='word_1_211' title='bbox 220 4175 435 4240; x_wconf 80' lang='lat' dir='ltr'>Ungipitivideat</span> <span class='ocrx_word' id='word_1_212' title='bbox 455 4171 467 4242; x_wconf 77' lang='grc'>11</span> <span class='ocrx_word' id='word_1_213' title='bbox 490 4176 539 4222; x_wconf 83' lang='grc'>110</span> <span class='ocrx_word' id='word_1_214' title='bbox 559 4173 685 4236; x_wconf 78' lang='lat' dir='ltr'>fulgurem</span> <span class='ocrx_word' id='word_1_215' title='bbox 706 4171 719 4242; x_wconf 78' lang='grc'>11</span> <span class='ocrx_word' id='word_1_216' title='bbox 742 4176 790 4224; x_wconf 85' lang='grc'>178</span> <span class='ocrx_word' id='word_1_217' title='bbox 810 4174 926 4224; x_wconf 80' lang='grc'>88888818</span> <span class='ocrx_word' id='word_1_218' title='bbox 947 4171 959 4241; x_wconf 73' lang='lat' dir='ltr'>ll</span> <span class='ocrx_word' id='word_1_219' title='bbox 982 4177 1030 4224; x_wconf 84' lang='grc'>179</span> <span class='ocrx_word' id='word_1_220' title='bbox 1044 4175 1167 4238; x_wconf 88' lang='lat' dir='ltr'>quiescit.</span> <span class='ocrx_word' id='word_1_221' title='bbox 1189 4173 1202 4245; x_wconf 89' lang='grc' dir='ltr'>ΙΙ</span> <span class='ocrx_word' id='word_1_222' title='bbox 1224 4179 1273 4228; x_wconf 89' lang='grc'>180</span> <span class='ocrx_word' id='word_1_223' title='bbox 1377 4145 1378 4148; x_wconf 11' lang='lat'>¹</span> 
     </span>
     <span class='ocr_line' id='line_1_33' title="bbox 154 4252 1274 4332; baseline 0.003 -20"><span class='ocrx_word' id='word_1_224' title='bbox 154 4264 293 4325; x_wconf 85' lang='lat' dir='ltr'>perscindit</span> <span class='ocrx_word' id='word_1_225' title='bbox 313 4261 326 4331; x_wconf 78' lang='grc'>11</span> <span class='ocrx_word' id='word_1_226' title='bbox 354 4266 402 4313; x_wconf 87' lang='grc'>188</span> <span class='ocrx_word' id='word_1_227' title='bbox 422 4262 511 4312; x_wconf 87' lang='lat' dir='ltr'>adlicit</span> <span class='ocrx_word' id='word_1_228' title='bbox 533 4258 547 4326; x_wconf 83' lang='grc' dir='ltr'>ΙΙ</span> <span class='ocrx_word' id='word_1_229' title='bbox 575 4252 740 4328; x_wconf 78' lang='grc'>1858111.11</span> <span class='ocrx_word' id='word_1_230' title='bbox 763 4262 916 4310; x_wconf 85' lang='grc'>1918111818</span> <span class='ocrx_word' id='word_1_231' title='bbox 942 4258 1274 4332; x_wconf 76' lang='grc' dir='ltr'>Ι1192811118188.11198</span> 
     </span>
     <span class='ocr_line' id='line_1_34' title="bbox 155 4347 581 4418; baseline -0.002 -20"><span class='ocrx_word' id='word_1_232' title='bbox 155 4350 254 4400; x_wconf 86' lang='grc'>8811888</span> <span class='ocrx_word' id='word_1_233' title='bbox 274 4348 288 4418; x_wconf 73' lang='lat' dir='ltr'>ll</span> <span class='ocrx_word' id='word_1_234' title='bbox 310 4350 411 4399; x_wconf 87' lang='grc'>188811</span> <span class='ocrx_word' id='word_1_235' title='bbox 434 4347 448 4417; x_wconf 77' lang='grc'>11</span> <span class='ocrx_word' id='word_1_236' title='bbox 473 4349 581 4400; x_wconf 80' lang='lat' dir='ltr'>extricta</span> 
     </span>
    </p>
   </div>
   <div class='ocr_carea' id='block_1_4' title="bbox 1010 4443 1075 4514">
    <p class='ocr_par' dir='ltr' id='par_1_12' title="bbox 1010 4443 1075 4514">
     <span class='ocr_line' id='line_1_35' title="bbox 1010 4443 1075 4514; baseline 0.031 -2"><span class='ocrx_word' id='word_1_237' title='bbox 1010 4443 1075 4514; x_wconf 84' lang='lat'>14*</span> 
     </span>
    </p>
   </div>
   <div class='ocr_carea' id='block_1_5' title="bbox 0 0 1574 5032">
    <p class='ocr_par' dir='ltr' id='par_1_13' title="bbox 0 0 1574 5032">
     <span class='ocr_line' id='line_1_36' title="bbox 0 0 1574 5032; baseline 0 0"><span class='ocrx_word' id='word_1_238' title='bbox 0 0 1574 5032; x_wconf 95' lang='lat' dir='ltr'> </span> 
     </span>
    </p>
   </div>
  </div>
 </body>
</html>
