3108 5034
308 423 351 488 64
449 424 451 428 ’
855 417 888 480 11

306 587 389 651 17707
410 605 445 650 70
467 587 594 670 genitae
616 605 668 651 res
692 605 859 670 quacquc,
875 589 920 650 ita
943 607 1104 669 quamque
1126 595 1289 655 necessest

309 699 456 765 dissimili
477 707 623 765 constare
644 699 746 782 figura
766 699 1017 784 principiorum3

309 833 372 879 non
395 833 456 894 quo
479 815 578 878 multa
600 833 711 897 parum
734 813 828 878 simili
852 815 915 878 sint
936 814 1084 898 praedita
1106 813 1228 900 forma,

308 927 366 993 scd
389 927 463 1008 quia
485 947 549 990 non
571 927 667 1008 volgo
690 927 782 1010 paria
806 926 952 992 omnibus
975 927 1083 992 omnia
1106 936 1271 994 constent:

235 1061 283 1109 777
309 1041 432 1106 semina
454 1062 524 1106 cum
546 1061 642 1124 porro
666 1040 803 1118 distent,
820 1040 948 1106 differre
971 1048 1136 1109 necessust

307 1157 494 1238 intervalla,
511 1156 600 1233 vias,
618 1175 779 1238 conexus,
796 1154 958 1239 pondera,
976 1157 1114 1240 plagas,

307 1289 501 1347 concursus,
517 1275 642 1346 motus;
660 1287 742 1350 quae
765 1289 829 1334 non
849 1270 1001 1335 animalia
1022 1271 1125 1334 solum

309 1404 444 1468 corpora
466 1385 654 1465 seiungunt,
671 1382 729 1448 scd
751 1391 853 1448 terras
875 1404 913 1448 ac
935 1391 1022 1450 merc
1044 1390 1145 1449 totum

310 1503 479 1564 secernunt
500 1497 688 1578 caelumque
711 1517 731 1560 a
754 1498 845 1562 terris
868 1518 961 1563 omne
985 1505 1163 1564 retentant.

235 1633 284 1680 730
327 1606 444 1676 vNunc
465 1631 526 1693 age
550 1610 634 1675 dicta
658 1630 728 1676 77700
752 1611 834 1676 dulci
858 1612 1002 1694 quaesita
1024 1612 1135 1678 labore

309 1726 438 1810 percipe
454 1774 461 1804 ,
477 1743 517 1790 ne
539 1723 623 1818 forte
645 1724 726 1790 haec
748 1725 831 1791 albis
855 1745 896 1792 cx
918 1727 993 1791 alba
1016 1728 1117 1792 rearis

309 1838 474 1924 principiis
497 1858 586 1940 esses,
606 1847 680 1905 ante
703 1842 812 1905 oculos
835 1859 917 1921 quae
939 1841 1079 1905 candida
1101 1841 1227 1919 0077717,

309 1962 366 2018 aut
388 1975 427 2019 ea
448 1973 530 2035 quac
553 1955 679 2035 nigrant
700 1956 791 2040 nigro
814 1954 854 2019 de
877 1955 998 2020 semine
1020 1961 1116 2039 nate3

309 2067 381 2132 nive
404 2068 501 2132 alium
524 2069 687 2150 quemvis,
704 2091 766 2151 quo
790 2077 863 2134 sunt
884 2069 996 2134 inbuta
1019 2072 1146 2148 colore,

235 2202 284 2250 735
309 2188 479 2266 propterca
501 2202 615 2264 gerere
636 2183 719 2246 hunc
741 2181 874 2268 credas,
892 2185 977 2265 quod
1001 2183 1142 2249 materiai

310 2317 446 2382 corpora
469 2297 626 2362 consimili
649 2296 802 2362 sinicius
825 2298 922 2362 tincta
944 2299 1074 2364 colore:

311 2412 415 2476 nullus
437 2411 521 2476 enim
544 2412 632 2476 color
654 2417 703 2476 est
725 2412 852 2476 omnino
875 2413 1019 2476 materiai

311 2526 516 2610 corporibus,
533 2545 634 2606 neque
656 2545 716 2609 per
738 2526 833 2590 rebus
855 2545 959 2608 neque
982 2528 1120 2609 denique
1143 2527 1272 2612 dispar.

309 2643 343 2706 in
365 2660 448 2723 quac
471 2660 605 2723 corpora
627 2640 654 2705 71
676 2619 782 2705 nullus
804 2642 860 2705 tibi
883 2641 965 2706 forte
988 2641 1112 2706 videtur

237 2777 285 2824 740
309 2775 404 2841 posse
427 2756 524 2818 animi
547 2755 679 2821 iniectus
702 2755 789 2840 lieri,
806 2755 918 2840 procul
940 2755 1033 2820 avius
1057 2777 1165 2822 erras.

311 2892 385 2934 nam
408 2890 479 2934 cum
501 2869 684 2950 omnigeni,
702 2871 779 2934 solis
802 2871 856 2952 qui
879 2871 999 2934 lumina
1021 2891 1194 2953 numquam

311 2987 500 3069 disperiere,
518 2990 626 3047 temen
648 2992 843 3064 cognoscant
862 3005 1000 3068 corpora
1022 2992 1127 3064 tactu,

238 3121 287 3166 744
313 3099 394 3164 70170
414 3099 490 3163 licet
510 3103 638 3162 nostrae
662 3117 788 3180 quoquc
810 3100 908 3163 menti
932 3121 1067 3184 corpora
1089 3119 1186 3186 posse

310 3214 391 3278 vorti
412 3215 446 3277 in
467 3212 613 3277 notitiam
636 3213 724 3276 nullo
748 3213 865 3279 circum
887 3215 944 3278 lita
965 3216 1060 3283 11700.

312 3330 449 3410 denique
472 3326 615 3410 nosipsi
639 3325 743 3390 caecis
766 3347 846 3408 quae
870 3349 1003 3411 cumque
1025 3329 1165 3395 tenebris

310 3444 492 3524 tangimus,
509 3439 596 3504 haud
618 3440 683 3503 ullo
707 3440 859 3506 scutimus
883 3446 980 3508 tincta
1003 3445 1131 3508 colore.

314 3555 398 3637 quod
421 3557 571 3636 quoniam
593 3554 684 3618 vinco
706 3553 896 3635 fieri‚nunc
919 3578 990 3622 esse
1013 3557 1135 3621 docebo

238 3691 287 3739 743
313 3692 352 3736 cx
374 3671 503 3735 ineunte
525 3689 605 3734 aevo
626 3669 712 3733 nullo
737 3671 905 3736 coniuncta
927 3672 1053 3736 colore.

238 3807 287 3854 749
313 3785 416 3850 omnis
439 3784 523 3850 enim
545 3783 634 3848 color
656 3785 785 3850 omnino
806 3791 942 3849 mutatur
964 3786 998 3848 177
1021 3785 1143 3864 0777717;

312 3899 397 3990 quod
419 3899 524 3965 iacere
547 3898 631 3962 haud
654 3899 718 3964 ullo
743 3899 860 3965 debent
881 3898 1056 3983 primordia
1078 3908 1193 3984 pacto.

312 4015 510 4080 immutabile
532 4013 616 4080 enim
640 4013 790 4094 quiddam
812 4032 966 4098 superare
978 4001 1170 4099 necessest,

317 4285 364 4330 721
392 4296 499 4344 cumque
519 4277 533 4348 ΙΙ
555 4281 696 4331 7307177100
715 4279 729 4348 ll
751 4281 801 4329 734
825 4295 873 4345 que
893 4277 907 4350 ΙΙ
929 4283 977 4332 786
1001 4282 1102 4332 001070.
1122 4277 1135 4348 ll
1158 4268 1364 4350 7417777717οΗ
1386 4281 1436 4331 742

316 4366 460 4430 Despcxere
480 4367 493 4435 Η
516 4369 564 4415 749
585 4375 609 4415 07
628 4369 726 4416 omnis.
