3140 5036
704 391 729 453 V

155 563 252 638 atque
276 557 341 620 alia
363 558 449 622 iilius
471 559 612 640 reparari
634 561 668 622 in
690 566 782 644 parte
804 560 959 646 locoque,

81 691 132 738 735
159 671 318 736 (17117071007
339 673 463 738 ratione
486 673 602 738 dooere
625 680 656 738 07
676 675 802 740 vinoere
824 675 952 756 verbis,

160 784 273 850 ordine
296 805 367 850 eum
389 787 514 868 possint
535 794 598 850 tarn
622 795 709 853 00770
732 789 832 853 multa
854 791 976 854 ereari.

156 899 180 961 it
202 917 258 964 ver
281 904 313 964 et
334 897 462 982 Venus,
480 907 512 966 et
532 902 616 966 ver-is
638 903 844 986 praenuntius
867 909 940 968 ante

156 1017 316 1096 pennatus
339 1015 484 1094 graditur
505 1016 682 1100 zephyrus,
699 1017 838 1097 vestigia
859 1024 989 1103 propter

156 1127 254 1191 Flora
277 1129 391 1209 quibus
416 1135 516 1193 mater
538 1148 774 1213 praespargens
797 1138 871 1196 ante
894 1133 958 1196 viai

78 1263 131 1309 740
158 1247 272 1306 0077070
295 1242 455 1307 uolonibus
480 1243 618 1328 egregiis
641 1251 672 1308 07
694 1245 847 1336 odorihus
872 1248 1001 1330 000107.

154 1355 231 1420 inde
253 1356 315 1420 1007
338 1355 480 1437 sequitur
502 1359 591 1422 nalor
613 1357 722 1422 aridus
745 1365 777 1423 et
799 1379 905 1424 eomes
928 1379 993 1424 una

154 1470 376 1554 pulverulenta
400 1470 495 1536 60700
518 1477 549 1534 07
571 1471 671 1536 etesia
694 1473 795 1537 flabra
816 1473 1022 1555 aquilonum.

156 1583 230 1647 inde
253 1591 421 1649 autumnus
444 1584 530 1662 adit,
547 1586 689 1666 graditur
711 1587 804 1651 simul
828 1587 948 1652 Euhius
970 1589 1081 1652 Euan.

155 1697 230 1762 inde
254 1698 338 1761 01700
360 1703 565 1781 7070000707οε
587 1701 736 1782 ventique
760 1708 926 1785 secuntur,

79 1833 128 1878 745
154 1811 324 1876 altitonans
347 1811 519 1878 Volturnus
541 1821 572 1877 07
595 1821 700 1879 auster
723 1814 854 1879 fulmine
876 1816 1022 1899 pollens.

154 1926 284 1991 tandem
308 1927 419 1990 bruma
441 1928 530 1993 nives
554 1928 659 1994 adfert
680 1932 870 2014 pigrumque
892 1931 1052 2012 rigorem,

152 2040 259 2123 prodit
282 2040 424 2124 hiemps,
441 2042 583 2122 sequitur
606 2045 764 2126 crepitans
787 2044 872 2108 hano
895 2044 1044 2109 dentibus
1067 2047 1179 2126 algor.

155 2174 218 2235 quo
240 2155 344 2220 minus
367 2161 415 2219 007
436 2155 569 2238 mirum,
587 2157 613 2219 si
638 2161 722 2220 00770
746 2163 889 2240 tempore
912 2158 988 2222 luna

153 2269 294 2352 gignitur
317 2275 455 2334 0700770
479 2269 602 2334 deletur
623 2275 767 2352 tempore
790 2291 903 2346 rusus,

78 2405 128 2451 750
155 2403 224 2448 oum
248 2382 314 2448 fieri
337 2385 463 2467 possint
482 2389 546 2447 tarn
571 2389 657 2448 00770
680 2389 823 2469 70700070
846 2385 968 2448 multa.

192 2497 274 2562 Solis
297 2498 371 2562 item
395 2517 523 2580 quoque
546 2497 690 2563 detentus
712 2497 871 2580 lunaeque
893 2499 1035 2564 latebras

151 2611 295 2696 pluribus
318 2633 336 2678 e
359 2613 465 2677 nausis
482 2612 554 2678 fieri
577 2612 633 2675 tihi
656 2631 752 2695 posse
774 2611 999 2696 putandumst.

151 2747 224 2791 nam
247 2748 301 2792 our
325 2728 398 2791 luna
422 2733 519 2809 queat
540 2733 657 2791 terram
682 2726 846 2791 secludere
871 2725 949 2791 solis

150 2841 270 2907 lumine
292 2847 323 2907 et
346 2861 367 2904 0
388 2841 481 2906 707770
502 2841 600 2905 altum
624 2847 718 2925 eaput
741 2842 904 2906 obstruere
927 2840 977 2925 ei,

77 2977 126 3025 755
152 2956 293 3021 obiciens
315 2975 445 3022 caenum
469 2956 567 3020 radiis
590 2956 777 3020 ardentibus
801 2957 930 3020 orbern:

150 3076 293 3154 tempore
316 3070 430 3135 eudem
453 3070 532 3132 aliut
553 3068 661 3134 700070
683 3068 717 3130 771
737 3089 801 3132 non
823 3087 920 3152 posse
941 3073 1069 3152 putetur

151 3205 286 3269 eorpus,
304 3185 390 3266 quod
412 3203 540 3249 nassum
563 3183 688 3247 labatur
711 3182 831 3246 lumine
854 3184 1007 3266 semper?

153 3299 265 3380 solque
287 3319 363 3364 suos
385 3300 482 3364 etiam
505 3298 662 3362 dimittere
686 3296 855 3381 languidus
876 3297 960 3378 ignis

152 3420 294 3498 ternpore
317 3434 372 3478 our
395 3421 479 3479 00770
501 3418 658 3494 nequeat,
675 3431 883 3492 recreareque
906 3412 1031 3496 lumen,

75 3550 126 3596 700
151 3549 222 3592 enm
244 3529 316 3592 1000
338 3529 500 3612 0700707777
520 3525 657 3591 flammis
680 3524 793 3591 infesta
815 3544 873 3610 per
895 3544 1008 3604 auras,

152 3661 234 3724 quae
256 3643 376 3707 faciunt
396 3643 480 3724 ignis
503 3641 701 3722 interstingui
725 3645 821 3722 atque
843 3641 976 3726 perire?

152 3763 184 3820 et
206 3777 261 3821 eur
283 3764 370 3822 terra
392 3762 489 3838 queat
510 3757 618 3820 lunam
641 3755 781 3838 spoliare
803 3755 941 3819 vinissim

152 3871 272 3935 lumine
295 3876 327 3935 et
349 3888 537 3953 oppressum
559 3869 659 3934 solem
682 3887 778 3949 super
800 3867 871 3950 ipsa
894 3874 1025 3951 tenere,

156 4173 205 4220 736
224 4171 322 4233 possint
339 4169 478 4220 omissum.
504 4166 516 4235 11
544 4170 592 4218 737
616 4167 713 4216 veneris
737 4162 750 4234 11
777 4168 826 4215 738
848 4164 948 4228 zephyri
974 4161 987 4232 11
1013 4168 1061 4214 742
1081 4167 1235 4215 Pulverunta
1254 4164 1268 4236 11

154 4267 179 4308 07
197 4257 338 4308 omissum.
359 4253 372 4324 11
394 4257 442 4303 747
458 4255 535 4304 Redit
554 4253 565 4321 11
587 4253 712 4304 creditisne
732 4250 745 4324 11
766 4252 834 4321 algi.
856 4250 868 4322 11
891 4251 1013 4303 75011077
1035 4251 1046 4322 11
1069 4254 1118 4302 753
1137 4253 1233 4321 possis
1255 4251 1268 4326 11

157 4345 207 4402 756
227 4337 348 4415 0071077711
370 4345 416 4390 761
438 4343 531 4411 periri.
