3140 5032
289 429 352 492 228
835 419 877 482 Vl

216 615 266 662 erc
292 593 345 676 qui
369 614 432 656 non
455 596 530 655 ante
553 590 692 671 aliquem
716 589 868 654 maiorem
892 587 991 664 vidit,
1009 593 1041 652 et
1061 587 1176 669 ingens

293 709 388 772 arbor
411 707 569 787 homoque
592 704 736 781 videtur,
754 709 785 769 et
808 703 916 766 omnia
938 702 979 767 de
1001 719 1121 787 genere
1145 703 1230 765 omni

292 823 434 886 maxima
457 840 538 901 quae
559 818 639 884 vidit
662 819 816 901 quisque,
833 818 915 884 haec
937 818 1081 898 ingentia
1102 815 1213 899 fingit,

293 957 362 1002 cum
386 941 493 1000 tamen
518 933 625 998 omnia
648 954 719 999 curn
742 934 833 998 caelo
856 939 1005 1014 terraque
1028 932 1173 1014 marique

292 1052 336 1114 nil
359 1051 423 1116 sint
445 1050 486 1114 ad
510 1069 664 1114 summam
688 1049 820 1114 summai
845 1049 942 1113 totius
965 1067 1110 1112 omnem.

218 1189 268 1236 eso
335 1166 428 1230 Nunc
450 1171 556 1228 tamen
579 1163 637 1227 illa
659 1163 763 1228 modis
787 1164 903 1245 quibus
925 1162 1053 1228 inritata
1075 1169 1207 1248 repente

292 1281 420 1346 flamma
443 1280 532 1345 foras
554 1279 654 1344 vastis
677 1279 801 1344 Aetnae
823 1277 1010 1342 fornacibus
1033 1277 1138 1362 efflet,

295 1395 485 1479 expediam.
502 1393 637 1478 primunr
660 1394 755 1458 totius
778 1394 922 1458 subcava
945 1393 1059 1457 montis

295 1515 343 1574 est
366 1515 500 1593 nature,
517 1508 585 1574 fere
609 1507 733 1572 silicum
757 1507 887 1571 suffulta
910 1509 1077 1574 cavernis.

295 1625 441 1690 omnibus
465 1630 512 1688 est
534 1643 630 1707 porro
652 1623 685 1686 in
708 1622 870 1706 speluncis
892 1628 1003 1686 ventus
1027 1627 1058 1685 et
1081 1629 1156 1687 aer.
1195 1605 1200 1615 ¹

221 1763 270 1809 cao
295 1745 408 1806 ventus
432 1739 515 1803 enim
538 1738 593 1821 flt,
609 1737 662 1801 ubi
686 1744 735 1802 est
756 1737 908 1819 agitando
934 1737 1071 1820 percitus
1094 1745 1169 1803 ae'r:

297 1855 348 1918 bic
370 1855 424 1918 ubi
446 1853 602 1938 percaluit
624 1851 693 1917 cale
716 1852 855 1934 fecitque
878 1853 987 1918 omnia
1010 1853 1125 1919 circum

296 1990 377 2034 saxa
400 1968 529 2043 furens,
547 1987 611 2049 qua
634 1967 807 2050 contingit,
824 1973 1024 2050 terramque,
1042 1975 1072 2032 et
1096 1970 1137 2034 ab
1162 1970 1235 2035 ollis

296 2083 436 2150 excussit
459 2081 596 2146 calidum
619 2081 754 2146 flammis
776 2081 941 2146 velocibus
963 2082 1091 2162 ignem,

296 2199 379 2263 tollit
401 2217 435 2263 se
458 2217 497 2261 ac
521 2197 615 2262 rectis
637 2196 683 2260 ita
705 2194 852 2260 faucibus
874 2195 948 2260 eicit
969 2197 1053 2262 alte.

222 2337 272 2383 ceo
298 2313 357 2379 fert
379 2314 488 2395 itaque
512 2313 660 2376 ardorem
683 2311 797 2394 longe,
815 2311 975 2394 longeque
999 2311 1143 2378 favillam

297 2429 422 2506 differt,
440 2434 470 2492 et
493 2447 604 2492 crassa
626 2426 725 2491 volvit
747 2426 887 2508 caligine
910 2427 1049 2512 furnum,

297 2543 500 2625 extruditque
523 2543 616 2608 simul
640 2541 785 2630 mirando
808 2542 954 2626 pondere·
974 2563 1075 2627 saxa3

297 2679 337 2722 ne
360 2659 486 2724 dubites
510 2657 587 2740 quin
610 2658 687 2722 haec
710 2655 828 2721 animai
851 2656 978 2720 turbida
1001 2657 1041 2721 sit
1064 2657 1131 2725 vis.

296 2781 465 2860 praeterea
486 2793 604 2856 magna
627 2792 666 2836 ex
689 2771 771 2856 parti
794 2792 881 2836 mare
905 2773 1019 2837 montis
1041 2775 1082 2836 ad
1106 2773 1175 2840 eius

223 2913 273 2960 ees
298 2889 425 2956 radices
448 2889 566 2970 frangit
587 2887 701 2952 fluctus
724 2893 911 2969 aestumque
934 2889 1097 2954 resorbet.

299 3025 338 3068 ex
360 3005 421 3069 boc
442 3022 544 3086 usque
566 3001 646 3066 mari
669 3003 842 3087 speluncae
864 3003 981 3068 montis
1005 3004 1046 3067 ad
1070 3006 1153 3070 altas

297 3119 485 3204 perveniunt
507 3119 615 3183 subter
637 3117 767 3182 fauces.
784 3117 845 3182 bac
867 3117 913 3182 ire
935 3115 1131 3182 fatendumst

298 3239 331 3300 et
352 3240 520 3318 penetrare
544 3232 640 3298 maris
663 3233 790 3317 penitus
812 3239 962 3317 percocta
985 3233 1016 3298 in
1040 3241 1184 3320 apertum

299 3356 396 3431 atque
420 3347 531 3413 efflare
553 3348 660 3426 forus,
676 3348 813 3431 ideoque
836 3349 989 3414 extollere
1011 3348 1174 3413 flammam

225 3485 274 3531 roo
299 3483 441 3544 saxaque
465 3463 643 3528 subiectare
667 3468 698 3526 et
720 3482 837 3527 arenae
858 3463 972 3528 tollere
994 3463 1138 3529 nimbos.

299 3578 331 3642 in
356 3597 478 3642 summo
501 3584 574 3641 sunt
595 3577 714 3642 vertice
738 3577 822 3640 enim
845 3584 1004 3661 crateres,
1020 3585 1054 3642 ut
1075 3578 1137 3664 ipsi

297 3693 509 3770 nominitant;
525 3713 584 3758 nos
607 3690 694 3773 quod
717 3689 829 3756 fauces
851 3691 1056 3774 perhibemus
1079 3701 1111 3758 et
1133 3715 1211 3760 ora.

309 3819 316 3832 “
338 3808 418 3873 Sunt
441 3807 562 3890 aliquot
584 3826 710 3890 quoque
732 3825 784 3870 res
807 3827 940 3888 quarum
963 3828 1061 3872 unam
1085 3809 1190 3874 dicere
1214 3831 1343 3877 causam

301 3943 366 3988 non
388 3923 467 3988 satis
491 3929 559 4001 est,
575 3943 683 3987 verum
707 3921 827 4007 pluris,
844 3922 929 3986 unde
949 3942 1014 3986 una
1035 3930 1141 3988 tamen
1164 3925 1225 4009 sit3

227 4057 275 4106 705
301 4057 416 4122 corpus
438 4043 472 4102 ut
495 4038 677 4105 exanimum
701 4036 817 4120 siQod
838 4038 951 4123 procul
973 4038 1042 4123 ipse
1064 4037 1169 4104 iacere

299 4213 501 4220 *σῇ-

303 4317 352 4362 676
372 4313 472 4362 omnis.
494 4311 506 4380 Η
528 4315 577 4363 688
597 4313 707 4362 sillicum
731 4310 744 4381 Η
769 4317 818 4363 687
838 4315 946 4378 contigit
967 4313 979 4382 Η
1001 4317 1051 4364 690
1070 4315 1139 4377 itque
1159 4311 1172 4381 ll
1193 4317 1243 4364 695
1263 4317 1386 4366 resolvet.
1408 4316 1423 4386 Η

303 4401 353 4448 698
371 4400 435 4448 mari
453 4399 553 4464 penitus
572 4415 610 4449 res
629 4401 699 4464 cogit
717 4409 822 4466 aperto.
844 4400 856 4470 ll
878 4405 925 4454 701
946 4403 1066 4454 verticeni
1088 4401 1100 4472 ll
1124 4405 1172 4455 705
1192 4403 1302 4454 iaceret.
