3108 5034
729 424 745 488 I

177 597 338 661 dimidiam
364 604 486 680 partem
502 575 518 674 ,⁵
533 617 592 660 neo
615 616 665 660 res
687 596 855 678 praefiniet
878 596 964 662 ulla.

119 709 125 724 '
175 731 252 795 ergo
274 731 378 775 rerum
400 712 483 776 inter
505 729 661 776 summam
684 709 911 792 minimamque
935 711 1012 792 quid
1034 713 1138 777 eseit?

97 847 150 893 620
176 826 222 893 nil
244 827 303 892 erit
326 832 360 889 ut
382 825 497 890 distet:
521 845 596 889 nam
619 826 764 908 quamvis
785 823 927 890 funditus
950 825 1053 890 omnis

175 961 299 1006 summa
321 941 362 1004 sit
383 940 525 1017 infinita,
548 946 675 1015 tamen,
699 937 891 1022 parvissima
913 959 997 1021 quae
1020 946 1113 1018 sunt,

174 1074 214 1119 ex
236 1055 368 1120 infinitis
392 1055 583 1120 constabunt
605 1053 750 1138 partibus
772 1071 898 1134 aeque.
956 1079 959 1083 ·

176 1167 262 1251 qnod
286 1168 434 1250 quoniam
457 1169 539 1233 ratio
562 1169 716 1233 reelamat
733 1188 810 1233 vera
830 1172 993 1250 negatque

174 1283 305 1349 eredere
327 1301 424 1366 posse
446 1284 607 1366 animum,
630 1283 732 1362 vietus
755 1283 879 1348 fateare
901 1289 1065 1347 necessest

97 1418 149 1464 025
175 1417 247 1462 esse
269 1416 309 1462 ea
331 1416 415 1478 qnae
438 1398 535 1463 nullis
556 1398 621 1462 iam
643 1397 791 1480 praedita
813 1397 958 1480 partibus
981 1403 1089 1462 extent

174 1519 206 1576 et
228 1510 359 1575 minima
381 1516 525 1576 constent
546 1518 681 1576 natura.
706 1516 788 1592 quae
811 1511 961 1593 quoniam
984 1517 1078 1596 sunt,

170 1623 228 1686 illa
250 1644 376 1706 qnoque
399 1643 471 1690 esse
493 1626 550 1690 tibi
571 1625 676 1690 solida
698 1636 793 1708 atque
815 1631 947 1690 aeterna
969 1626 1154 1692 fatendum.

172 1733 309 1818 denique
331 1739 363 1802 ni
386 1740 533 1805 minimas
554 1741 587 1803 in
611 1741 709 1822 partis
731 1747 845 1804 ennete
866 1741 983 1806 resolvi

172 1870 289 1932 eogere
311 1860 498 1920 eonsnesset
519 1874 622 1918 rerum
647 1862 763 1920 natura
784 1855 938 1932 creatrix,

94 1985 146 2031 630
170 1964 235 2030 iam
258 1965 303 2030 nil
327 1987 366 2031 ex
387 1968 452 2033 illis
475 1969 586 2033 eadem
610 1987 761 2054 reparare
783 1971 906 2034 valeret

170 2085 340 2162 propterea
362 2082 459 2164 quia,
483 2100 565 2165 qnae
588 2083 695 2148 multis
718 2089 791 2148 sunt
812 2085 958 2168 partibus
980 2090 1094 2168 aneta,

171 2214 235 2258 non
256 2203 392 2279 possunt
415 2217 456 2262 ea
478 2217 563 2280 quae
585 2198 682 2262 debet
703 2198 855 2282 genitalis
878 2199 999 2264 habere

170 2310 341 2388 materies,
363 2312 470 2378 varios
493 2331 655 2396 conexus,
678 2311 843 2395 pondera,
866 2313 1003 2396 plagas,

170 2443 365 2507 concursus,
389 2431 512 2509 motus,
536 2445 594 2510 per
617 2445 701 2508 quae
724 2445 776 2492 res
799 2446 946 2508 quaeque
968 2431 1142 2509 geruntur.

18 2600 20 2606 .
94 2557 145 2604 635
214 2537 285 2614 Qua
306 2545 437 2623 propter
460 2541 514 2621 qui
537 2542 702 2606 materiem
725 2559 832 2605 rernm
855 2559 926 2606 esse
949 2547 1100 2626 putarunt

171 2652 277 2736 ignem
301 2660 397 2736 atque
420 2655 549 2738 exigui
572 2675 727 2720 summam
752 2655 927 2720 consistere
950 2655 1041 2738 solo,

169 2787 286 2850 magno
311 2787 408 2854 opere
432 2789 452 2834 a
474 2789 552 2834 vera
574 2769 657 2854 lapsi
680 2770 803 2834 ratione
820 2766 988 2834 videntui'.

172 2882 352 2950 Heraclitus
374 2885 433 2948 init
455 2904 587 2967 quorum
612 2885 676 2950 dux
702 2885 827 2968 proelia
850 2885 988 2967 primus,

170 2997 278 3064 elanus
301 2999 342 3062 ob
365 2998 535 3064 obscuram
557 3000 700 3084 linguam
723 2999 829 3082 magis
850 3001 932 3064 inter
955 2999 1060 3064 inanis
1126 3027 1131 3036 ·

94 3133 145 3180 640
172 3114 309 3195 quamde
332 3114 442 3194 gravis
463 3114 546 3180 inter
569 3115 704 3191 Graios,
729 3115 782 3196 qui
805 3133 883 3178 vera
905 3113 1090 3194 requirunt:

169 3228 278 3292 omnia
301 3229 383 3292 enim
407 3227 513 3292 stolidi
537 3228 639 3312 magis
663 3227 862 3292 admirantur
886 3233 1080 3307 amantque,
1179 3239 1181 3242 ’

170 3341 306 3410 inversis
330 3363 413 3426 quae
436 3343 495 3408 sub
517 3342 623 3407 verbis
644 3342 805 3406 latitantia
829 3347 983 3417 oemunt,

170 3476 312 3540 veraque
336 3459 529 3524 constituunt
552 3476 636 3539 qnae
659 3457 744 3522 belle
766 3464 900 3541 tangere
921 3462 1056 3541 possunt

171 3571 259 3636 auris
282 3576 314 3635 et
335 3572 444 3656 lepido
468 3591 552 3654 quae
575 3577 648 3636 sunt
670 3571 781 3638 fucata
801 3591 937 3638 sonore.
1008 3559 1018 3572 ’Χ

94 3707 145 3754 646
214 3687 296 3751 Nam
317 3706 375 3750 eur
397 3693 462 3750 tam
485 3687 594 3752 variae
617 3707 668 3752 res
691 3694 823 3772 possent
845 3706 936 3770 esse,
960 3686 1110 3768 requiro,

171 3819 212 3865 ex
234 3820 298 3864 uno
321 3801 348 3866 si
364 3807 443 3878 sunt
466 3801 534 3884 igni
555 3823 701 3887 puroque
724 3803 877 3868 creatae?

170 3915 216 3980 nil
238 3915 408 3999 prodesset
429 3919 513 3983 enim
537 3916 674 3981 calidum
698 3917 861 3982 denserier
884 3916 992 3998 ignem

171 4048 232 4096 neo
253 4049 327 4096 rare
349 4031 436 4115 fieri,
460 4033 486 4096 si
509 4037 617 4114 partes
640 4031 725 4112 ignis
748 4031 884 4096 eandem

171 4299 221 4348 610
242 4299 309 4360 quon
336 4295 348 4366 η
377 4299 426 4348 666
447 4304 563 4346 consent
588 4295 601 4366 η
629 4300 679 4348 aas
698 4299 720 4348 si
745 4297 758 4366 Η
786 4299 834 4346 601
855 4297 932 4346 lunis
959 4293 973 4364 ῃ
1000 4297 1051 4346 664
1070 4311 1131 4358 quas
1157 4293 1170 4366 η
1197 4298 1246 4346 666
1267 4301 1299 4350 00
1340 4259 1345 4266 ’

171 4384 314 4436 emissum.
335 4382 348 4454 Η
370 4387 419 4441 040
439 4383 479 4442 Ex
497 4399 543 4448 uro
747 4373 748 4379 ¹
1334 4382 1337 4386 ’
