3140 5032
693 420 735 485 Vl

151 595 272 660 fumida
296 616 365 658 cum
392 595 475 657 66611
498 593 673 658 scintillare
697 593 805 656 emnia
828 596 949 678 templa

77 735 127 780 666
153 716 319 776 cernentes
342 709 459 791 pavida
483 708 687 792 complebant
708 713 839 790 pectora
862 730 957 785 eura,

153 825 231 906 quid
253 823 416 888 moliretur
439 841 541 886 rerum
567 829 678 886 natura
701 843 875 888 nevarum.

192 939 288 1002 Hisce
310 937 366 1001 tibi
391 938 423 1001 in
446 915 541 1001 rebus
564 937 658 1001 latest
680 939 810 1019 alteque
833 938 1005 1002 videndum

153 1061 185 1118 et
209 1054 306 1134 lenge
330 1060 460 1116 cunctas
482 1052 515 1114 in
538 1052 638 1135 partis
662 1050 917 1137 dispiciendum,

152 1175 187 1232 ut
209 1167 422 1232 reminiscaris
446 1187 602 1231 summam
627 1187 732 1231 rerum
756 1187 828 1232 esse
852 1168 1062 1251 profundam,

76 1305 127 1350 666
153 1291 183 1346 66
204 1282 316 1347 videas
340 1261 468 1346 eaelum
488 1281 622 1351 summai
645 1282 740 1346 tetius
763 1303 862 1346 unum

153 1418 245 1479 quam
270 1399 310 1461 sit
332 1397 467 1481 parvula
491 1417 566 1479 pars
589 1403 621 1460 et
644 1417 737 1477 quam
761 1396 942 1461 multesima
967 1406 1108 1471 constet,

153 1532 212 1577 neo
234 1518 301 1576 teta
323 1532 420 1597 pars,
436 1510 531 1574 homo
554 1511 649 1575 terrai
675 1515 774 1590 quota
796 1511 893 1575 totius
918 1489 1020 1576 unus.

153 1627 238 1708 quod
262 1627 343 1690 bene
365 1626 563 1708 propesitum
587 1626 612 1688 si
637 1626 734 1707 plane
757 1633 929 1690 contueare

151 1763 190 1806 ae
211 1742 325 1806 videas
347 1741 464 1825 plane,
481 1741 586 1804 mirari
613 1741 710 1803 nrulta
734 1739 916 1820 relinquas.

76 1877 126 1921 666
152 1857 300 1938 numquis
324 1857 406 1921 enim
431 1863 571 1920 nostrum
595 1855 746 1936 miratur,
764 1853 865 1935 siquis
887 1853 918 1916 in
942 1861 1027 1920 artus

151 1971 274 2054 sucepit
296 1970 398 2034 calide
421 1970 534 2034 febrim
558 1969 682 2034 fervere
706 1975 847 2034 coortam

152 2085 325 2148 aulalium
349 2085 493 2166 quemvis
516 2084 618 2148 morbi
641 2102 698 2167 per
721 2086 861 2149 membra
885 2086 1058 2150 delorem?

152 2200 345 2281 opturgescit
368 2199 452 2261 enim
476 2197 580 2262 subito
603 2217 682 2281 pes,
699 2199 808 2282 arripit
831 2220 906 2264 acer

150 2333 249 2397 saepe
273 2313 365 2376 dolor
387 2313 498 2378 dentes
511 2363 519 2396 ,
536 2313 647 2377 ocules
669 2311 789 2376 invadit
812 2314 844 2376 in
867 2315 977 2397 ipsos,

75 2446 126 2492 666
152 2428 257 2491 existit
278 2448 368 2492 sacer
391 2428 474 2512 ignis
497 2436 528 2492 et
549 2428 612 2490 urit
634 2447 768 2510 corpore
792 2449 924 2511 serpens

154 2561 245 2622 qnam
271 2563 402 2624 cumque
425 2543 560 2627 arripuit
583 2543 715 2625 partim,
732 2543 877 2625 repitque
898 2563 955 2627 per
978 2551 1084 2626 aereas,

152 2655 183 2718 ni
208 2657 338 2735 mirum,
356 2659 431 2740 quia
453 2663 525 2722 sunt
547 2658 716 2721 multarum
741 2657 863 2722 semina
886 2677 1013 2741 rerum,

152 2777 183 2835 66
206 2772 283 2836 satis
307 2771 387 2837 haec
409 2773 504 2837 tellus
527 2773 597 2837 orbi
620 2772 808 2853 caelumque
831 2773 905 2836 mali
929 2772 1011 2855 fert,

150 2884 235 2950 unde
259 2892 356 2967 queat
378 2887 426 2951 vis
447 2887 592 2953 immensi
617 2905 821 2970 procrescere
845 2887 967 2952 morbi.

75 3019 126 3065 cet
152 2999 314 3080 sicigitur
336 3001 393 3064 teti
417 3001 506 3066 caelo
529 3009 695 3083 terraeque
709 3001 925 3086 putandumst

151 3133 190 3176 ex
213 3113 336 3178 infinite
360 3115 440 3179 satis
464 3117 569 3180 emnia
593 3115 820 3200 suppeditare,

151 3228 236 3293 uude
259 3237 391 3313 repente
415 3236 513 3310 queat
534 3229 629 3294 tellus
652 3250 809 3296 concussa
831 3229 950 3293 moveri

149 3364 269 3426 perque
292 3363 382 3409 mare
405 3363 445 3408 ac
467 3349 567 3409 terras
589 3345 724 3428 rapidus
745 3364 929 3429 percurrere
953 3343 1067 3418 turbo,

137 3443 234 3537 'ignis
258 3458 423 3523 abundare
445 3459 627 3536 Aetnaeus,
643 3458 859 3524 flammescere
882 3459 1027 3524 caelum:

72 3592 125 3640 ero
150 3570 185 3634 id
208 3593 335 3654 quoque
359 3574 442 3638 enim
465 3573 519 3657 fit,
538 3579 569 3637 66
592 3573 764 3638 ardescunt
787 3571 937 3638 caelestia
960 3573 1098 3657 templa,

151 3692 182 3752 66
204 3692 409 3772 tempestates
431 3687 560 3772 pluviae
584 3687 731 3770 graviore
753 3694 864 3753 coortu

149 3807 243 3879 sunt,
261 3801 315 3865 ubi
337 3801 419 3866 forte
442 3802 488 3864 ita
510 3821 544 3866 se
566 3802 736 3867 tetulerunt
758 3801 879 3866 semina
900 3822 1077 3881 aquarum.

143 3911 194 3982 ‘at
215 3915 309 3981 nimis
332 3923 380 3980 est
401 3917 516 3997 ingens
537 3916 666 3982 incendi
690 3913 835 3979 turbidus
858 3911 977 3978 ardor.³
1155 3899 1158 3904 ¹

147 4031 289 4110 scilieet,
305 4037 338 4096 et
358 4030 472 4096 fluvius
494 4031 600 4113 quivis
623 4037 672 4096 666
692 4028 851 4104 maxim·
875 4028 904 4091 ei

151 4202 352 4210 ——--—-

153 4306 202 4352 648
215 4306 423 4369 derpiciendum.
439 4302 452 4372 Η
473 4307 523 4353 653
537 4303 681 4367 propositus
702 4298 714 4367 Η
734 4300 804 4364 plani
825 4299 838 4368 Η
860 4304 910 4351 668
924 4300 1084 4350 Obturcescit
1103 4296 1243 4367 Η66261111
1259 4296 1272 4369 Η

152 4393 304 4442 6631116161
325 4390 339 4460 Η
360 4396 409 4444 667
431 4408 555 4444 concusso
576 4397 589 4458 Η
611 4389 811 4454 6746616166

1010 4482 1074 4557 15*
