<?xml version="1.0" encoding="UTF-8"?>
<!DOCTYPE html PUBLIC "-//W3C//DTD XHTML 1.0 Transitional//EN"
    "http://www.w3.org/TR/xhtml1/DTD/xhtml1-transitional.dtd">
<html xmlns="http://www.w3.org/1999/xhtml" xml:lang="en" lang="en">
 <head>
  <title>
</title>
<meta http-equiv="Content-Type" content="text/html;charset=utf-8" />
  <meta name='ocr-system' content='tesseract 3.04.00' />
  <meta name='ocr-capabilities' content='ocr_page ocr_carea ocr_par ocr_line ocrx_word'/>
</head>
<body>
  <div class='ocr_page' id='page_1' title='image "./tlucreticarider25carugoog_0106.png"; bbox 0 0 3140 5036; ppageno 0'>
   <div class='ocr_carea' id='block_1_1' title="bbox 718 413 763 478">
    <p class='ocr_par' dir='ltr' id='par_1_1' title="bbox 718 413 763 478">
     <span class='ocr_line' id='line_1_1' title="bbox 718 413 763 478; baseline 0.044 -2"><span class='ocrx_word' id='word_1_1' title='bbox 718 413 763 478; x_wconf 80' lang='grc' dir='ltr'>ΙΙΙ</span> 
     </span>
    </p>
   </div>
   <div class='ocr_carea' id='block_1_2' title="bbox 97 582 1258 3994">
    <p class='ocr_par' dir='ltr' id='par_1_2' title="bbox 97 582 1258 3994">
     <span class='ocr_line' id='line_1_2' title="bbox 175 582 994 668; baseline -0.005 -18"><span class='ocrx_word' id='word_1_2' title='bbox 175 586 326 651; x_wconf 86' lang='lat' dir='ltr'>inbecilla</span> <span class='ocrx_word' id='word_1_3' title='bbox 348 584 458 663; x_wconf 87' lang='lat' dir='ltr'>foras,</span> <span class='ocrx_word' id='word_1_4' title='bbox 474 584 507 648; x_wconf 91' lang='lat' dir='ltr'>in</span> <span class='ocrx_word' id='word_1_5' title='bbox 530 589 641 668; x_wconf 88' lang='lat' dir='ltr'>aperto</span> <span class='ocrx_word' id='word_1_6' title='bbox 655 634 662 662; x_wconf 88' lang='lat'>,</span> <span class='ocrx_word' id='word_1_7' title='bbox 678 583 820 664; x_wconf 82' lang='lat' dir='ltr'>tegmine</span> <span class='ocrx_word' id='word_1_8' title='bbox 843 582 994 665; x_wconf 88' lang='lat' dir='ltr'>dempto,</span> 
     </span>
     <span class='ocr_line' id='line_1_3' title="bbox 97 696 1094 782; baseline -0.007 -15"><span class='ocrx_word' id='word_1_9' title='bbox 97 721 150 768; x_wconf 76' lang='grc'>005</span> <span class='ocrx_word' id='word_1_10' title='bbox 176 720 241 764; x_wconf 89' lang='grc'>000</span> <span class='ocrx_word' id='word_1_11' title='bbox 263 699 359 765; x_wconf 92' lang='lat' dir='ltr'>modo</span> <span class='ocrx_word' id='word_1_12' title='bbox 382 719 447 764; x_wconf 92' lang='lat' dir='ltr'>non</span> <span class='ocrx_word' id='word_1_13' title='bbox 469 717 595 764; x_wconf 89' lang='lat' dir='ltr'>omnem</span> <span class='ocrx_word' id='word_1_14' title='bbox 617 698 719 782; x_wconf 84' lang='lat' dir='ltr'>possit</span> <span class='ocrx_word' id='word_1_15' title='bbox 741 696 857 762; x_wconf 86' lang='lat' dir='ltr'>durare</span> <span class='ocrx_word' id='word_1_16' title='bbox 880 716 939 780; x_wconf 91' lang='lat' dir='ltr'>per</span> <span class='ocrx_word' id='word_1_17' title='bbox 961 715 1094 774; x_wconf 89' lang='lat' dir='ltr'>aevom,</span> 
     </span>
     <span class='ocr_line' id='line_1_4' title="bbox 176 811 1111 897; baseline -0.004 -17"><span class='ocrx_word' id='word_1_18' title='bbox 176 816 234 881; x_wconf 90' lang='lat' dir='ltr'>sed</span> <span class='ocrx_word' id='word_1_19' title='bbox 257 815 419 879; x_wconf 90' lang='lat' dir='ltr'>minimum</span> <span class='ocrx_word' id='word_1_20' title='bbox 443 811 578 897; x_wconf 88' lang='lat' dir='ltr'>quodvis</span> <span class='ocrx_word' id='word_1_21' title='bbox 600 818 742 896; x_wconf 87' lang='lat' dir='ltr'>nequeat</span> <span class='ocrx_word' id='word_1_22' title='bbox 763 812 937 878; x_wconf 80' lang='lat' dir='ltr'>consistere</span> <span class='ocrx_word' id='word_1_23' title='bbox 959 811 1111 896; x_wconf 79' lang='lat' dir='ltr'>tempus?</span> 
     </span>
     <span class='ocr_line' id='line_1_5' title="bbox 175 926 1067 1012; baseline -0.006 -18"><span class='ocrx_word' id='word_1_24' title='bbox 175 950 234 996; x_wconf 89' lang='grc'>000</span> <span class='ocrx_word' id='word_1_25' title='bbox 256 931 317 996; x_wconf 88' lang='lat' dir='ltr'>sibi</span> <span class='ocrx_word' id='word_1_26' title='bbox 341 930 425 994; x_wconf 91' lang='lat' dir='ltr'>enim</span> <span class='ocrx_word' id='word_1_27' title='bbox 448 927 615 1012; x_wconf 87' lang='lat' dir='ltr'>quisquam</span> <span class='ocrx_word' id='word_1_28' title='bbox 638 928 777 993; x_wconf 90' lang='lat' dir='ltr'>moriens</span> <span class='ocrx_word' id='word_1_29' title='bbox 800 927 917 993; x_wconf 85' lang='lat' dir='ltr'>sentire</span> <span class='ocrx_word' id='word_1_30' title='bbox 940 926 1067 992; x_wconf 87' lang='lat' dir='ltr'>videtur</span> 
     </span>
     <span class='ocr_line' id='line_1_6' title="bbox 177 1042 1038 1127; baseline -0.001 -20"><span class='ocrx_word' id='word_1_31' title='bbox 177 1045 224 1111; x_wconf 88' lang='lat' dir='ltr'>ire</span> <span class='ocrx_word' id='word_1_32' title='bbox 245 1043 334 1110; x_wconf 84' lang='lat' dir='ltr'>foras</span> <span class='ocrx_word' id='word_1_33' title='bbox 357 1045 497 1108; x_wconf 86' lang='lat' dir='ltr'>animam</span> <span class='ocrx_word' id='word_1_34' title='bbox 519 1042 709 1108; x_wconf 90' lang='lat' dir='ltr'>incolumem</span> <span class='ocrx_word' id='word_1_35' title='bbox 733 1042 773 1108; x_wconf 89' lang='lat' dir='ltr'>de</span> <span class='ocrx_word' id='word_1_36' title='bbox 796 1047 1038 1127; x_wconf 74' lang='lat' dir='ltr'>corporatum,</span> 
     </span>
     <span class='ocr_line' id='line_1_7' title="bbox 176 1156 1113 1244; baseline -0.003 -20"><span class='ocrx_word' id='word_1_37' title='bbox 176 1180 237 1226; x_wconf 88' lang='lat' dir='ltr'>nec</span> <span class='ocrx_word' id='word_1_38' title='bbox 256 1160 345 1244; x_wconf 90' lang='lat' dir='ltr'>prius</span> <span class='ocrx_word' id='word_1_39' title='bbox 368 1159 410 1224; x_wconf 90' lang='lat' dir='ltr'>ad</span> <span class='ocrx_word' id='word_1_40' title='bbox 432 1158 574 1240; x_wconf 85' lang='lat' dir='ltr'>iugulum</span> <span class='ocrx_word' id='word_1_41' title='bbox 598 1162 629 1222; x_wconf 92' lang='grc'>00</span> <span class='ocrx_word' id='word_1_42' title='bbox 648 1177 765 1242; x_wconf 90' lang='lat' dir='ltr'>supera</span> <span class='ocrx_word' id='word_1_43' title='bbox 787 1156 960 1223; x_wconf 78' lang='lat' dir='ltr'>succedero</span> <span class='ocrx_word' id='word_1_44' title='bbox 983 1156 1113 1242; x_wconf 81' lang='lat' dir='ltr'>fauces,</span> 
     </span>
     <span class='ocr_line' id='line_1_8' title="bbox 100 1271 950 1354; baseline -0.007 -12"><span class='ocrx_word' id='word_1_45' title='bbox 100 1295 152 1342; x_wconf 83' lang='lat'>610</span> <span class='ocrx_word' id='word_1_46' title='bbox 177 1294 288 1340; x_wconf 88' lang='lat' dir='ltr'>verum</span> <span class='ocrx_word' id='word_1_47' title='bbox 311 1271 447 1337; x_wconf 87' lang='lat' dir='ltr'>deficere</span> <span class='ocrx_word' id='word_1_48' title='bbox 468 1272 501 1336; x_wconf 93' lang='lat' dir='ltr'>in</span> <span class='ocrx_word' id='word_1_49' title='bbox 524 1277 613 1338; x_wconf 87' lang='lat' dir='ltr'>certa</span> <span class='ocrx_word' id='word_1_50' title='bbox 635 1272 768 1354; x_wconf 81' lang='lat' dir='ltr'>regione</span> <span class='ocrx_word' id='word_1_51' title='bbox 791 1272 950 1351; x_wconf 80' lang='lat' dir='ltr'>locatam3</span> 
     </span>
     <span class='ocr_line' id='line_1_9' title="bbox 176 1386 958 1470; baseline -0.005 -16"><span class='ocrx_word' id='word_1_52' title='bbox 176 1395 211 1454; x_wconf 91' lang='lat' dir='ltr'>ut</span> <span class='ocrx_word' id='word_1_53' title='bbox 233 1408 346 1454; x_wconf 91' lang='grc'><strong>000000</strong></span> <span class='ocrx_word' id='word_1_54' title='bbox 369 1387 449 1451; x_wconf 90' lang='lat' dir='ltr'>alios</span> <span class='ocrx_word' id='word_1_55' title='bbox 471 1386 504 1450; x_wconf 92' lang='lat' dir='ltr'>in</span> <span class='ocrx_word' id='word_1_56' title='bbox 528 1386 610 1470; x_wconf 89' lang='lat' dir='ltr'>parti</span> <span class='ocrx_word' id='word_1_57' title='bbox 633 1407 790 1470; x_wconf 89' lang='lat' dir='ltr'>quemque</span> <span class='ocrx_word' id='word_1_58' title='bbox 815 1407 874 1452; x_wconf 89' lang='lat' dir='ltr'>sua</span> <span class='ocrx_word' id='word_1_59' title='bbox 897 1387 958 1452; x_wconf 88' lang='lat' dir='ltr'>scit</span> 
     </span>
     <span class='ocr_line' id='line_1_10' title="bbox 179 1500 1056 1584; baseline -0.003 -15"><span class='ocrx_word' id='word_1_60' title='bbox 179 1503 332 1569; x_wconf 88' lang='lat' dir='ltr'>dissolui.</span> <span class='ocrx_word' id='word_1_61' title='bbox 351 1500 437 1584; x_wconf 91' lang='lat' dir='ltr'>quod</span> <span class='ocrx_word' id='word_1_62' title='bbox 458 1501 486 1568; x_wconf 87' lang='lat' dir='ltr'>si</span> <span class='ocrx_word' id='word_1_63' title='bbox 508 1501 686 1566; x_wconf 88' lang='lat' dir='ltr'>inmortalis</span> <span class='ocrx_word' id='word_1_64' title='bbox 708 1509 819 1568; x_wconf 89' lang='lat' dir='ltr'>nostra</span> <span class='ocrx_word' id='word_1_65' title='bbox 840 1501 923 1566; x_wconf 87' lang='lat' dir='ltr'>foret</span> <span class='ocrx_word' id='word_1_66' title='bbox 945 1521 1056 1580; x_wconf 88' lang='lat' dir='ltr'>mens,</span> 
     </span>
     <span class='ocr_line' id='line_1_11' title="bbox 178 1615 994 1700; baseline -0.007 -17"><span class='ocrx_word' id='word_1_67' title='bbox 178 1623 329 1684; x_wconf 87' lang='lat' dir='ltr'>nontam</span> <span class='ocrx_word' id='word_1_68' title='bbox 352 1636 387 1681; x_wconf 92' lang='lat' dir='ltr'>se</span> <span class='ocrx_word' id='word_1_69' title='bbox 410 1616 550 1682; x_wconf 88' lang='lat' dir='ltr'>moriens</span> <span class='ocrx_word' id='word_1_70' title='bbox 573 1615 705 1682; x_wconf 85' lang='lat' dir='ltr'>dissolri</span> <span class='ocrx_word' id='word_1_71' title='bbox 730 1620 994 1700; x_wconf 80' lang='lat' dir='ltr'>conquereretur,</span> 
     </span>
     <span class='ocr_line' id='line_1_12' title="bbox 177 1730 1179 1816; baseline -0.002 -18"><span class='ocrx_word' id='word_1_72' title='bbox 177 1733 234 1798; x_wconf 90' lang='lat' dir='ltr'>sed</span> <span class='ocrx_word' id='word_1_73' title='bbox 256 1731 361 1814; x_wconf 85' lang='lat' dir='ltr'>magis</span> <span class='ocrx_word' id='word_1_74' title='bbox 383 1731 431 1796; x_wconf 89' lang='lat' dir='ltr'>ire</span> <span class='ocrx_word' id='word_1_75' title='bbox 454 1730 543 1795; x_wconf 89' lang='lat' dir='ltr'>foras</span> <span class='ocrx_word' id='word_1_76' title='bbox 564 1738 750 1812; x_wconf 86' lang='lat' dir='ltr'>vestemque</span> <span class='ocrx_word' id='word_1_77' title='bbox 773 1731 973 1816; x_wconf 87' lang='lat' dir='ltr'>relinquere,</span> <span class='ocrx_word' id='word_1_78' title='bbox 989 1737 1022 1794; x_wconf 90' lang='lat' dir='ltr'>ut</span> <span class='ocrx_word' id='word_1_79' title='bbox 1044 1731 1179 1814; x_wconf 84' lang='lat' dir='ltr'>anguis.</span> 
     </span>
     <span class='ocr_line' id='line_1_13' title="bbox 101 1845 1131 1928; baseline -0.003 -13"><span class='ocrx_word' id='word_1_80' title='bbox 101 1868 152 1915; x_wconf 83' lang='grc'>005</span> <span class='ocrx_word' id='word_1_81' title='bbox 221 1847 370 1928; x_wconf 86' lang='lat' dir='ltr'>Denique</span> <span class='ocrx_word' id='word_1_82' title='bbox 393 1866 449 1910; x_wconf 87' lang='lat' dir='ltr'>our</span> <span class='ocrx_word' id='word_1_83' title='bbox 470 1846 569 1910; x_wconf 87' lang='lat' dir='ltr'>animi</span> <span class='ocrx_word' id='word_1_84' title='bbox 591 1866 764 1927; x_wconf 84' lang='lat' dir='ltr'>numquam</span> <span class='ocrx_word' id='word_1_85' title='bbox 786 1864 876 1910; x_wconf 88' lang='grc'><strong>00000</strong></span> <span class='ocrx_word' id='word_1_86' title='bbox 899 1845 1131 1928; x_wconf 84' lang='lat' dir='ltr'>consiliumque</span> 
     </span>
     <span class='ocr_line' id='line_1_14' title="bbox 177 1960 1139 2046; baseline 0.002 -22"><span class='ocrx_word' id='word_1_87' title='bbox 177 1961 315 2046; x_wconf 81' lang='lat' dir='ltr'>gignitrn</span> <span class='ocrx_word' id='word_1_88' title='bbox 336 1961 370 2025; x_wconf 91' lang='lat' dir='ltr'>in</span> <span class='ocrx_word' id='word_1_89' title='bbox 393 1960 498 2044; x_wconf 89' lang='lat' dir='ltr'>capite</span> <span class='ocrx_word' id='word_1_90' title='bbox 522 1967 578 2025; x_wconf 91' lang='lat' dir='ltr'>aut</span> <span class='ocrx_word' id='word_1_91' title='bbox 599 1960 737 2046; x_wconf 90' lang='lat' dir='ltr'>pedibus</span> <span class='ocrx_word' id='word_1_92' title='bbox 761 1960 969 2044; x_wconf 88' lang='lat' dir='ltr'>manibusve,</span> <span class='ocrx_word' id='word_1_93' title='bbox 987 1961 1045 2026; x_wconf 92' lang='lat' dir='ltr'>sed</span> <span class='ocrx_word' id='word_1_94' title='bbox 1067 1962 1139 2026; x_wconf 92' lang='lat' dir='ltr'>unis</span> 
     </span>
     <span class='ocr_line' id='line_1_15' title="bbox 179 2075 994 2160; baseline -0.002 -18"><span class='ocrx_word' id='word_1_95' title='bbox 179 2076 311 2142; x_wconf 89' lang='lat' dir='ltr'>sedibus</span> <span class='ocrx_word' id='word_1_96' title='bbox 334 2081 365 2140; x_wconf 90' lang='grc'>00</span> <span class='ocrx_word' id='word_1_97' title='bbox 388 2077 483 2140; x_wconf 87' lang='lat' dir='ltr'>certis</span> <span class='ocrx_word' id='word_1_98' title='bbox 505 2076 680 2160; x_wconf 85' lang='lat' dir='ltr'>regionibu’</span> <span class='ocrx_word' id='word_1_99' title='bbox 702 2077 840 2159; x_wconf 89' lang='lat' dir='ltr'>pectoris</span> <span class='ocrx_word' id='word_1_100' title='bbox 863 2075 994 2153; x_wconf 87' lang='lat' dir='ltr'>haeret,</span> 
     </span>
     <span class='ocr_line' id='line_1_16' title="bbox 179 2189 1068 2271; baseline -0.002 -15"><span class='ocrx_word' id='word_1_101' title='bbox 179 2191 205 2256; x_wconf 91' lang='lat' dir='ltr'>si</span> <span class='ocrx_word' id='word_1_102' title='bbox 228 2211 292 2256; x_wconf 94' lang='grc'>000</span> <span class='ocrx_word' id='word_1_103' title='bbox 315 2196 403 2256; x_wconf 86' lang='grc'><strong>00000</strong></span> <span class='ocrx_word' id='word_1_104' title='bbox 424 2190 498 2255; x_wconf 87' lang='lat' dir='ltr'>ioca</span> <span class='ocrx_word' id='word_1_105' title='bbox 520 2189 561 2252; x_wconf 87' lang='lat' dir='ltr'>ad</span> <span class='ocrx_word' id='word_1_106' title='bbox 584 2189 781 2254; x_wconf 87' lang='lat' dir='ltr'>nascendum</span> <span class='ocrx_word' id='word_1_107' title='bbox 802 2189 930 2254; x_wconf 87' lang='lat' dir='ltr'>reddita</span> <span class='ocrx_word' id='word_1_108' title='bbox 953 2191 1068 2271; x_wconf 89' lang='lat' dir='ltr'>cuique</span> 
     </span>
     <span class='ocr_line' id='line_1_17' title="bbox 180 2303 997 2394; baseline -0.005 -24"><span class='ocrx_word' id='word_1_109' title='bbox 180 2311 271 2388; x_wconf 88' lang='lat' dir='ltr'>sunt,</span> <span class='ocrx_word' id='word_1_110' title='bbox 288 2310 320 2370; x_wconf 88' lang='lat' dir='ltr'>ct</span> <span class='ocrx_word' id='word_1_111' title='bbox 341 2305 397 2368; x_wconf 91' lang='lat' dir='ltr'>ubi</span> <span class='ocrx_word' id='word_1_112' title='bbox 420 2303 572 2387; x_wconf 86' lang='lat' dir='ltr'>quicquid</span> <span class='ocrx_word' id='word_1_113' title='bbox 593 2304 697 2388; x_wconf 87' lang='lat' dir='ltr'>possit</span> <span class='ocrx_word' id='word_1_114' title='bbox 718 2304 833 2394; x_wconf 88' lang='lat' dir='ltr'>durare</span> <span class='ocrx_word' id='word_1_115' title='bbox 856 2309 997 2369; x_wconf 88' lang='lat' dir='ltr'>creatum</span> 
     </span>
     <span class='ocr_line' id='line_1_18' title="bbox 103 2416 1004 2503; baseline -0.009 -13"><span class='ocrx_word' id='word_1_116' title='bbox 103 2442 155 2490; x_wconf 81' lang='grc'>000</span> <span class='ocrx_word' id='word_1_117' title='bbox 180 2427 276 2503; x_wconf 87' lang='grc'><strong>00000</strong></span> <span class='ocrx_word' id='word_1_118' title='bbox 298 2421 344 2484; x_wconf 87' lang='lat' dir='ltr'>ita</span> <span class='ocrx_word' id='word_1_119' title='bbox 366 2419 561 2484; x_wconf 88' lang='lat' dir='ltr'>multimodis</span> <span class='ocrx_word' id='word_1_120' title='bbox 584 2416 735 2502; x_wconf 88' lang='lat' dir='ltr'>perfectis</span> <span class='ocrx_word' id='word_1_121' title='bbox 759 2419 891 2484; x_wconf 86' lang='lat' dir='ltr'>artubus</span> <span class='ocrx_word' id='word_1_122' title='bbox 913 2438 1004 2503; x_wconf 86' lang='grc'><strong>0000,</strong></span> 
     </span>
     <span class='ocr_line' id='line_1_19' title="bbox 180 2532 1160 2619; baseline 0 -19"><span class='ocrx_word' id='word_1_123' title='bbox 180 2536 394 2601; x_wconf 87' lang='lat' dir='ltr'>membrorum</span> <span class='ocrx_word' id='word_1_124' title='bbox 415 2538 450 2597; x_wconf 93' lang='lat' dir='ltr'>ut</span> <span class='ocrx_word' id='word_1_125' title='bbox 472 2553 645 2614; x_wconf 87' lang='lat' dir='ltr'>numquam</span> <span class='ocrx_word' id='word_1_126' title='bbox 667 2533 784 2598; x_wconf 85' lang='lat' dir='ltr'>existat</span> <span class='ocrx_word' id='word_1_127' title='bbox 805 2541 1030 2619; x_wconf 88' lang='lat' dir='ltr'>praeposterus</span> <span class='ocrx_word' id='word_1_128' title='bbox 1054 2532 1160 2600; x_wconf 82' lang='lat' dir='ltr'>ordo?</span> 
     </span>
     <span class='ocr_line' id='line_1_20' title="bbox 181 2648 1139 2732; baseline -0.005 -17"><span class='ocrx_word' id='word_1_129' title='bbox 181 2671 283 2732; x_wconf 88' lang='grc'><strong>00000</strong></span> <span class='ocrx_word' id='word_1_130' title='bbox 306 2651 389 2714; x_wconf 88' lang='lat' dir='ltr'>adeo</span> <span class='ocrx_word' id='word_1_131' title='bbox 412 2648 555 2730; x_wconf 89' lang='lat' dir='ltr'>sequitur</span> <span class='ocrx_word' id='word_1_132' title='bbox 577 2667 628 2712; x_wconf 90' lang='lat' dir='ltr'>rcs</span> <span class='ocrx_word' id='word_1_133' title='bbox 652 2669 739 2732; x_wconf 89' lang='lat' dir='ltr'>rcm,</span> <span class='ocrx_word' id='word_1_134' title='bbox 756 2668 860 2730; x_wconf 89' lang='grc'><strong>00000</strong></span> <span class='ocrx_word' id='word_1_135' title='bbox 883 2648 1013 2712; x_wconf 88' lang='lat' dir='ltr'>flamma</span> <span class='ocrx_word' id='word_1_136' title='bbox 1036 2649 1139 2716; x_wconf 88' lang='lat' dir='ltr'>creari</span> 
     </span>
     <span class='ocr_line' id='line_1_21' title="bbox 181 2763 1065 2848; baseline -0.003 -18"><span class='ocrx_word' id='word_1_137' title='bbox 181 2765 364 2830; x_wconf 85' lang='lat' dir='ltr'>fluminibus</span> <span class='ocrx_word' id='word_1_138' title='bbox 387 2763 511 2828; x_wconf 85' lang='lat' dir='ltr'>solitast</span> <span class='ocrx_word' id='word_1_139' title='bbox 532 2781 637 2844; x_wconf 91' lang='lat' dir='ltr'>neque</span> <span class='ocrx_word' id='word_1_140' title='bbox 660 2763 694 2826; x_wconf 91' lang='lat' dir='ltr'>in</span> <span class='ocrx_word' id='word_1_141' title='bbox 716 2763 783 2844; x_wconf 83' lang='lat' dir='ltr'>igni</span> <span class='ocrx_word' id='word_1_142' title='bbox 805 2763 930 2844; x_wconf 82' lang='lat' dir='ltr'>gignier</span> <span class='ocrx_word' id='word_1_143' title='bbox 952 2763 1065 2848; x_wconf 84' lang='lat' dir='ltr'>algor.</span> 
     </span>
     <span class='ocr_line' id='line_1_22' title="bbox 223 2877 957 2962; baseline -0.007 -17"><span class='ocrx_word' id='word_1_144' title='bbox 223 2883 397 2945; x_wconf 87' lang='lat' dir='ltr'>Praeterea</span> <span class='ocrx_word' id='word_1_145' title='bbox 420 2878 445 2943; x_wconf 90' lang='lat' dir='ltr'>si</span> <span class='ocrx_word' id='word_1_146' title='bbox 470 2878 648 2962; x_wconf 82' lang='lat' dir='ltr'>inmortalis</span> <span class='ocrx_word' id='word_1_147' title='bbox 671 2884 785 2942; x_wconf 84' lang='lat' dir='ltr'>natura</span> <span class='ocrx_word' id='word_1_148' title='bbox 807 2877 957 2942; x_wconf 88' lang='lat' dir='ltr'>animaist</span> 
     </span>
     <span class='ocr_line' id='line_1_23' title="bbox 105 2993 979 3076; baseline -0.015 -11"><span class='ocrx_word' id='word_1_149' title='bbox 105 3017 156 3065; x_wconf 78' lang='grc'>000</span> <span class='ocrx_word' id='word_1_150' title='bbox 183 3003 215 3060; x_wconf 95' lang='grc'>00</span> <span class='ocrx_word' id='word_1_151' title='bbox 236 2993 353 3060; x_wconf 81' lang='lat' dir='ltr'>sentire</span> <span class='ocrx_word' id='word_1_152' title='bbox 376 2998 481 3076; x_wconf 87' lang='lat' dir='ltr'>potest</span> <span class='ocrx_word' id='word_1_153' title='bbox 504 2997 628 3057; x_wconf 85' lang='lat' dir='ltr'>secreta</span> <span class='ocrx_word' id='word_1_154' title='bbox 652 3013 672 3057; x_wconf 91' lang='lat' dir='ltr'>a</span> <span class='ocrx_word' id='word_1_155' title='bbox 695 3012 827 3076; x_wconf 85' lang='lat' dir='ltr'>corporo</span> <span class='ocrx_word' id='word_1_156' title='bbox 850 2997 979 3068; x_wconf 85' lang='lat' dir='ltr'>nostro,</span> 
     </span>
     <span class='ocr_line' id='line_1_24' title="bbox 182 3105 1258 3192; baseline -0.001 -19"><span class='ocrx_word' id='word_1_157' title='bbox 182 3110 343 3192; x_wconf 87' lang='lat' dir='ltr'>quinque,</span> <span class='ocrx_word' id='word_1_158' title='bbox 359 3111 394 3170; x_wconf 93' lang='lat' dir='ltr'>ut</span> <span class='ocrx_word' id='word_1_159' title='bbox 417 3107 550 3189; x_wconf 84' lang='lat' dir='ltr'>opinor,</span> <span class='ocrx_word' id='word_1_160' title='bbox 569 3126 640 3169; x_wconf 87' lang='lat' dir='ltr'>eam</span> <span class='ocrx_word' id='word_1_161' title='bbox 664 3105 847 3170; x_wconf 85' lang='lat' dir='ltr'>faciundum</span> <span class='ocrx_word' id='word_1_162' title='bbox 872 3112 921 3170; x_wconf 90' lang='grc'>000</span> <span class='ocrx_word' id='word_1_163' title='bbox 943 3105 1089 3170; x_wconf 88' lang='lat' dir='ltr'>sensibus</span> <span class='ocrx_word' id='word_1_164' title='bbox 1111 3113 1258 3172; x_wconf 88' lang='lat' dir='ltr'>auctam.</span> 
     </span>
     <span class='ocr_line' id='line_1_25' title="bbox 182 3219 939 3304; baseline -0.008 -16"><span class='ocrx_word' id='word_1_165' title='bbox 182 3244 242 3290; x_wconf 89' lang='lat' dir='ltr'>nco</span> <span class='ocrx_word' id='word_1_166' title='bbox 263 3222 386 3287; x_wconf 85' lang='lat' dir='ltr'>ratione</span> <span class='ocrx_word' id='word_1_167' title='bbox 409 3221 476 3284; x_wconf 86' lang='lat' dir='ltr'>alia</span> <span class='ocrx_word' id='word_1_168' title='bbox 498 3226 623 3284; x_wconf 87' lang='lat' dir='ltr'>nosmet</span> <span class='ocrx_word' id='word_1_169' title='bbox 645 3239 823 3304; x_wconf 90' lang='lat' dir='ltr'>proponere</span> <span class='ocrx_word' id='word_1_170' title='bbox 847 3219 939 3283; x_wconf 90' lang='lat' dir='ltr'>nobis</span> 
     </span>
     <span class='ocr_line' id='line_1_26' title="bbox 182 3333 1025 3422; baseline -0.002 -22"><span class='ocrx_word' id='word_1_171' title='bbox 182 3357 350 3422; x_wconf 87' lang='lat' dir='ltr'>possumus</span> <span class='ocrx_word' id='word_1_172' title='bbox 372 3335 516 3400; x_wconf 87' lang='lat' dir='ltr'>infernas</span> <span class='ocrx_word' id='word_1_173' title='bbox 540 3335 665 3398; x_wconf 88' lang='lat' dir='ltr'>animas</span> <span class='ocrx_word' id='word_1_174' title='bbox 688 3334 870 3398; x_wconf 82' lang='lat' dir='ltr'>Acherunte</span> <span class='ocrx_word' id='word_1_175' title='bbox 892 3333 1025 3416; x_wconf 83' lang='lat' dir='ltr'>vagari.</span> 
     </span>
     <span class='ocr_line' id='line_1_27' title="bbox 182 3447 980 3536; baseline -0.004 -21"><span class='ocrx_word' id='word_1_176' title='bbox 182 3453 321 3536; x_wconf 84' lang='lat' dir='ltr'>pictores</span> <span class='ocrx_word' id='word_1_177' title='bbox 343 3451 452 3531; x_wconf 86' lang='lat' dir='ltr'>itaque</span> <span class='ocrx_word' id='word_1_178' title='bbox 476 3456 507 3514; x_wconf 90' lang='grc'>00</span> <span class='ocrx_word' id='word_1_179' title='bbox 530 3449 717 3532; x_wconf 88' lang='lat' dir='ltr'>scriptorum</span> <span class='ocrx_word' id='word_1_180' title='bbox 740 3449 848 3514; x_wconf 87' lang='lat' dir='ltr'>saecla</span> <span class='ocrx_word' id='word_1_181' title='bbox 870 3447 980 3532; x_wconf 89' lang='lat' dir='ltr'>priora</span> 
     </span>
     <span class='ocr_line' id='line_1_28' title="bbox 107 3563 990 3634; baseline -0.007 0"><span class='ocrx_word' id='word_1_182' title='bbox 107 3587 159 3634; x_wconf 84' lang='grc'>030</span> <span class='ocrx_word' id='word_1_183' title='bbox 185 3565 231 3630; x_wconf 89' lang='lat' dir='ltr'>sic</span> <span class='ocrx_word' id='word_1_184' title='bbox 253 3565 378 3629; x_wconf 90' lang='lat' dir='ltr'>animas</span> <span class='ocrx_word' id='word_1_185' title='bbox 401 3564 483 3628; x_wconf 90' lang='lat' dir='ltr'>intro</span> <span class='ocrx_word' id='word_1_186' title='bbox 508 3563 665 3628; x_wconf 86' lang='lat' dir='ltr'>duxerunt</span> <span class='ocrx_word' id='word_1_187' title='bbox 687 3564 836 3628; x_wconf 88' lang='lat' dir='ltr'>sensibus</span> <span class='ocrx_word' id='word_1_188' title='bbox 859 3570 990 3628; x_wconf 88' lang='lat' dir='ltr'>auctas.</span> 
     </span>
     <span class='ocr_line' id='line_1_29' title="bbox 183 3679 1199 3764; baseline 0 -20"><span class='ocrx_word' id='word_1_189' title='bbox 183 3688 217 3744; x_wconf 89' lang='lat' dir='ltr'>at</span> <span class='ocrx_word' id='word_1_190' title='bbox 237 3699 343 3762; x_wconf 93' lang='grc'><strong>00000</strong></span> <span class='ocrx_word' id='word_1_191' title='bbox 366 3700 489 3744; x_wconf 89' lang='lat' dir='ltr'>sorsum</span> <span class='ocrx_word' id='word_1_192' title='bbox 513 3679 596 3744; x_wconf 90' lang='lat' dir='ltr'>oculi</span> <span class='ocrx_word' id='word_1_193' title='bbox 619 3698 722 3761; x_wconf 88' lang='grc'><strong>00000</strong></span> <span class='ocrx_word' id='word_1_194' title='bbox 745 3698 839 3743; x_wconf 89' lang='grc'><strong>00000</strong></span> <span class='ocrx_word' id='word_1_195' title='bbox 861 3699 921 3743; x_wconf 91' lang='grc'>000</span> <span class='ocrx_word' id='word_1_196' title='bbox 944 3699 1058 3744; x_wconf 88' lang='lat' dir='ltr'>manus</span> <span class='ocrx_word' id='word_1_197' title='bbox 1080 3680 1151 3764; x_wconf 88' lang='lat' dir='ltr'>ipsa</span> <span class='ocrx_word' id='word_1_198' title='bbox 1198 3709 1199 3712; x_wconf 39' lang='lat'>¹</span> 
     </span>
     <span class='ocr_line' id='line_1_30' title="bbox 185 3793 1220 3880; baseline -0.008 -18"><span class='ocrx_word' id='word_1_199' title='bbox 185 3815 255 3862; x_wconf 89' lang='grc'><strong>0000</strong></span> <span class='ocrx_word' id='word_1_200' title='bbox 276 3800 384 3880; x_wconf 83' lang='lat' dir='ltr'>potest</span> <span class='ocrx_word' id='word_1_201' title='bbox 405 3795 531 3860; x_wconf 89' lang='lat' dir='ltr'>animae</span> <span class='ocrx_word' id='word_1_202' title='bbox 546 3844 553 3878; x_wconf 91' lang='lat'>,</span> <span class='ocrx_word' id='word_1_203' title='bbox 571 3813 674 3876; x_wconf 91' lang='grc'><strong>00000</strong></span> <span class='ocrx_word' id='word_1_204' title='bbox 698 3813 823 3858; x_wconf 88' lang='lat' dir='ltr'>sorsum</span> <span class='ocrx_word' id='word_1_205' title='bbox 847 3793 958 3876; x_wconf 78' lang='lat' dir='ltr'>lingua</span> <span class='ocrx_word' id='word_1_206' title='bbox 981 3814 1084 3876; x_wconf 88' lang='grc'><strong>00000</strong></span> <span class='ocrx_word' id='word_1_207' title='bbox 1106 3811 1220 3856; x_wconf 89' lang='lat' dir='ltr'>aures:</span> 
     </span>
     <span class='ocr_line' id='line_1_31' title="bbox 184 3907 1061 3994; baseline -0.002 -22"><span class='ocrx_word' id='word_1_208' title='bbox 184 3909 271 3972; x_wconf 89' lang='lat' dir='ltr'>haud</span> <span class='ocrx_word' id='word_1_209' title='bbox 294 3909 390 3990; x_wconf 83' lang='lat' dir='ltr'>igitur</span> <span class='ocrx_word' id='word_1_210' title='bbox 411 3929 469 3994; x_wconf 91' lang='lat' dir='ltr'>per</span> <span class='ocrx_word' id='word_1_211' title='bbox 490 3929 525 3974; x_wconf 91' lang='lat' dir='ltr'>se</span> <span class='ocrx_word' id='word_1_212' title='bbox 548 3914 681 3992; x_wconf 88' lang='lat' dir='ltr'>possunt</span> <span class='ocrx_word' id='word_1_213' title='bbox 703 3907 820 3970; x_wconf 87' lang='lat' dir='ltr'>sentire</span> <span class='ocrx_word' id='word_1_214' title='bbox 842 3926 946 3986; x_wconf 91' lang='lat' dir='ltr'>ncquc</span> <span class='ocrx_word' id='word_1_215' title='bbox 970 3927 1061 3971; x_wconf 89' lang='lat' dir='ltr'>csse.</span> 
     </span>
    </p>
   </div>
   <div class='ocr_carea' id='block_1_3' title="bbox 187 4091 388 4098">
    <p class='ocr_par' dir='ltr' id='par_1_3' title="bbox 187 4091 388 4098">
     <span class='ocr_line' id='line_1_32' title="bbox 187 4091 388 4098; baseline 0.005 -1"><span class='ocrx_word' id='word_1_216' title='bbox 187 4091 388 4098; x_wconf 71' lang='lat'>-———..-.—-.</span> 
     </span>
    </p>
   </div>
   <div class='ocr_carea' id='block_1_4' title="bbox 189 4201 1310 4452">
    <p class='ocr_par' dir='ltr' id='par_1_4' title="bbox 189 4201 1310 4452">
     <span class='ocr_line' id='line_1_33' title="bbox 190 4201 1309 4278; baseline -0.002 -19"><span class='ocrx_word' id='word_1_217' title='bbox 190 4212 239 4260; x_wconf 97' lang='grc'><strong>612</strong></span> <span class='ocrx_word' id='word_1_218' title='bbox 259 4209 405 4258; x_wconf 82' lang='lat' dir='ltr'>inmortales</span> <span class='ocrx_word' id='word_1_219' title='bbox 430 4205 443 4275; x_wconf 90' lang='grc' dir='ltr'>Η</span> <span class='ocrx_word' id='word_1_220' title='bbox 469 4210 518 4258; x_wconf 82' lang='grc'><strong>617</strong></span> <span class='ocrx_word' id='word_1_221' title='bbox 539 4206 656 4256; x_wconf 89' lang='lat' dir='ltr'>omnibus</span> <span class='ocrx_word' id='word_1_222' title='bbox 683 4203 696 4274; x_wconf 93' lang='grc' dir='ltr'>Η</span> <span class='ocrx_word' id='word_1_223' title='bbox 723 4207 772 4256; x_wconf 88' lang='grc'><strong>618</strong></span> <span class='ocrx_word' id='word_1_224' title='bbox 791 4204 873 4254; x_wconf 86' lang='lat' dir='ltr'>redita</span> <span class='ocrx_word' id='word_1_225' title='bbox 898 4201 911 4273; x_wconf 92' lang='grc' dir='ltr'>Η</span> <span class='ocrx_word' id='word_1_226' title='bbox 936 4208 986 4254; x_wconf 91' lang='grc'>620</span> <span class='ocrx_word' id='word_1_227' title='bbox 1005 4214 1031 4256; x_wconf 84' lang='grc'>00</span> <span class='ocrx_word' id='word_1_228' title='bbox 1055 4204 1067 4274; x_wconf 94' lang='grc' dir='ltr'>Η</span> <span class='ocrx_word' id='word_1_229' title='bbox 1092 4207 1196 4270; x_wconf 89' lang='lat' dir='ltr'>pcrtotis</span> <span class='ocrx_word' id='word_1_230' title='bbox 1222 4205 1234 4278; x_wconf 99' lang='grc' dir='ltr'>Η</span> <span class='ocrx_word' id='word_1_231' title='bbox 1259 4209 1309 4258; x_wconf 93' lang='grc'><strong>623</strong></span> 
     </span>
     <span class='ocr_line' id='line_1_34' title="bbox 189 4289 1310 4362; baseline -0.002 -16"><span class='ocrx_word' id='word_1_232' title='bbox 189 4297 265 4346; x_wconf 83' lang='lat' dir='ltr'>solita</span> <span class='ocrx_word' id='word_1_233' title='bbox 289 4311 371 4357; x_wconf 85' lang='lat' dir='ltr'>neque</span> <span class='ocrx_word' id='word_1_234' title='bbox 396 4295 490 4358; x_wconf 82' lang='lat' dir='ltr'>insigni</span> <span class='ocrx_word' id='word_1_235' title='bbox 516 4291 529 4362; x_wconf 95' lang='grc' dir='ltr'>Η</span> <span class='ocrx_word' id='word_1_236' title='bbox 555 4296 606 4341; x_wconf 87' lang='grc'><strong>624</strong></span> <span class='ocrx_word' id='word_1_237' title='bbox 624 4294 739 4342; x_wconf 85' lang='lat' dir='ltr'>mortalis</span> <span class='ocrx_word' id='word_1_238' title='bbox 764 4291 777 4362; x_wconf 93' lang='grc' dir='ltr'>Η</span> <span class='ocrx_word' id='word_1_239' title='bbox 803 4293 941 4342; x_wconf 82' lang='grc'><strong>00000000.</strong></span> <span class='ocrx_word' id='word_1_240' title='bbox 966 4289 980 4361; x_wconf 96' lang='grc' dir='ltr'>Η</span> <span class='ocrx_word' id='word_1_241' title='bbox 1006 4297 1055 4343; x_wconf 87' lang='grc'>626</span> <span class='ocrx_word' id='word_1_242' title='bbox 1075 4303 1194 4344; x_wconf 74' lang='lat' dir='ltr'>auctum,</span> <span class='ocrx_word' id='word_1_243' title='bbox 1220 4294 1233 4362; x_wconf 92' lang='grc' dir='ltr'>Η</span> <span class='ocrx_word' id='word_1_244' title='bbox 1259 4298 1310 4344; x_wconf 88' lang='grc'>628</span> 
     </span>
     <span class='ocr_line' id='line_1_35' title="bbox 189 4376 757 4452; baseline -0.004 -21"><span class='ocrx_word' id='word_1_245' title='bbox 189 4398 297 4431; x_wconf 83' lang='lat' dir='ltr'>vacare.</span> <span class='ocrx_word' id='word_1_246' title='bbox 317 4380 331 4452; x_wconf 96' lang='grc' dir='ltr'>Η</span> <span class='ocrx_word' id='word_1_247' title='bbox 354 4384 403 4430; x_wconf 90' lang='grc'><strong>632</strong></span> <span class='ocrx_word' id='word_1_248' title='bbox 423 4383 509 4430; x_wconf 84' lang='lat' dir='ltr'>anima</span> <span class='ocrx_word' id='word_1_249' title='bbox 529 4376 543 4448; x_wconf 95' lang='grc' dir='ltr'>Η</span> <span class='ocrx_word' id='word_1_250' title='bbox 564 4383 613 4428; x_wconf 87' lang='grc'><strong>633</strong></span> <span class='ocrx_word' id='word_1_251' title='bbox 633 4381 757 4429; x_wconf 84' lang='lat' dir='ltr'>Auditum</span> 
     </span>
    </p>
   </div>
   <div class='ocr_carea' id='block_1_5' title="bbox 1061 4476 1156 4552">
    <p class='ocr_par' dir='ltr' id='par_1_5' title="bbox 1061 4476 1156 4552">
     <span class='ocr_line' id='line_1_36' title="bbox 1061 4476 1156 4552; baseline -0.042 0"><span class='ocrx_word' id='word_1_252' title='bbox 1061 4476 1156 4552; x_wconf 76' lang='lat'>7*-</span> 
     </span>
    </p>
   </div>
   <div class='ocr_carea' id='block_1_6' title="bbox 0 0 1610 5036">
    <p class='ocr_par' dir='ltr' id='par_1_6' title="bbox 0 0 1610 5036">
     <span class='ocr_line' id='line_1_37' title="bbox 0 0 1610 5036; baseline 0 0"><span class='ocrx_word' id='word_1_253' title='bbox 0 0 1610 5036; x_wconf 95' lang='lat' dir='ltr'> </span> 
     </span>
    </p>
   </div>
  </div>
 </body>
</html>
