3140 5032
720 341 766 406 VI

106 535 154 584 777
179 515 311 579 naribus
334 515 477 598 alipedes
500 519 535 578 ut
557 513 642 578 cerri
665 531 764 596 saepe
785 517 938 596 putantur

179 632 296 696 ducere
318 630 359 694 de
382 627 516 693 latebris
541 625 702 711 serpentid
724 627 834 692 saecla
856 625 1015 691 ferarum.

180 745 266 826 quod
289 744 399 827 procul
423 763 444 806 7
466 761 544 806 7777
566 761 662 822 quam
685 741 727 806 sit
748 742 874 806 ratione
897 741 1060 825 repulsum

181 858 328 942 percipe:
346 877 420 921 narn
444 856 484 920 de
507 877 540 920 rc
564 877 648 922 nunc
670 858 741 942 ipsa
764 857 870 922 dicere
894 875 1010 922 conor.

137 997 139 1001 ·
221 972 378 1056 Principio
403 973 462 1066 boc
483 971 555 1038 dico
570 1025 577 1048 ‚
595 974 680 1054 quod
704 972 769 1036 dixi
793 990 891 1055 saepe
915 991 1043 1054 quoqne
1066 977 1160 1053 ante,

105 1107 154 1153 770
180 1087 212 1150 in
235 1093 320 1152 terra
343 1089 496 1170 cuiusque
519 1088 604 1152 modi
629 1107 733 1152 rernm
758 1107 830 1154 esse
852 1085 992 1168 figuras;

182 1203 300 1285 multa,
318 1203 389 1268 cibo
413 1224 496 1284 77777
519 1209 612 1286 sunt,
629 1202 759 1285 vitalia,
777 1201 959 1282 multaque,
977 1200 1106 1264 morbos

179 1319 321 1383 incutere
345 1324 376 1382 ct
398 1325 528 1382 mortem
554 1338 638 1400 quae
661 1318 784 1400 possint
806 1317 1009 1382 adcelerare.

180 1441 212 1496 et
234 1433 337 1514 magis
362 1452 435 1498 7777
458 1433 530 1497 77777
552 1432 634 1498 71777
658 1431 874 1496 animantibus
897 1437 990 1514 aptas

180 1568 230 1612 res
253 1549 295 1612 ad
318 1547 395 1612 vitai
417 1548 572 1612 rationem
597 1547 794 1612 ostendimus
816 1553 890 1610 ante

103 1684 152 1728 777
178 1668 308 1746 propter
331 1662 520 1727 dissimilem
543 1669 686 1726 naturam
711 1660 939 1742 dissimilisque

178 1785 318 1842 texturas
342 1779 424 1842 inter
447 1798 518 1842 sese
542 1777 726 1860 primasque
748 1775 887 1857 figuras.

179 1894 278 1956 muita
300 1899 408 1957 meant
429 1893 557 1957 inimica
578 1912 635 1976 per
657 1891 764 1969 auris,
782 1892 881 1954 multa
902 1911 959 1974 per
980 1890 1069 1974 ipsas

177 2004 342 2070 insinuant
364 2008 451 2070 naris
472 2006 592 2072 infesta
615 2013 712 2088 atquc
735 2025 852 2088 aspera
875 2004 1014 2081 adactu,

178 2140 237 2184 nec
259 2128 332 2186 sunt
355 2122 453 2190 multa
475 2142 587 2205 parum
610 2129 697 2186 tactu
719 2121 848 2184 vitanda
873 2140 976 2202 neque
999 2127 1105 2186 antem

104 2255 153 2300 777
179 2243 310 2320 aspectu
333 2235 485 2318 fugienda
509 2255 687 2318 saporeque
711 2237 811 2300 tristia
833 2254 917 2316 qnae
940 2235 1024 2298 sint.

218 2351 343 2416 Deinde
365 2349 475 2415 videre
498 2350 572 2414 licet
593 2369 688 2432 quam
711 2350 829 2414 multae
853 2350 916 2414 sint
938 2349 1057 2414 bomini
1081 2369 1133 2416 rcs

177 2465 291 2528 acriter
313 2464 430 2529 infesto
454 2484 550 2530 sensu
573 2484 774 2549 spurcaeque
796 2484 995 2550 gravesq7703

179 2578 346 2643 arboribus
367 2580 502 2662 primurn
527 2580 621 2644 certis
644 2581 752 2663 gravis
776 2581 889 2644 umbra
911 2581 1030 2644 tributa

180 2711 280 2772 usque
303 2693 405 2778 adeo,
423 2695 537 2778 capitis
561 2693 682 2758 faciant
703 2699 737 2758 ut
759 2714 858 2778 saepe
881 2694 1029 2766 dolores,

102 2826 152 2872 777
178 2807 278 2888 donis
302 2829 358 2872 777
380 2815 491 2892 supter
506 2808 610 2874 iacuit
630 2814 809 2892 prostratus
831 2809 863 2872 in
887 2809 1013 2874 herbis.

177 2928 225 2984 est
247 2923 341 2987 etiarn
365 2924 491 3004 magnis
514 2924 678 2988 Heliconis
701 2924 862 2988 montibus
885 2925 980 2988 arbos

177 3034 264 3100 floris
288 3039 385 3102 odore
409 3039 566 3102 bominem
591 3044 693 3104 taetro
717 3042 872 3102 consueta
895 3056 1029 3102 necare.

160 3149 317 3244 scilicet,
334 3152 413 3218 haee
435 3151 508 3218 ideo
531 3153 624 3218 terris
647 3173 686 3216 ex
709 3151 815 3216 omnia
838 3157 973 3232 surgunt

175 3265 275 3328 multa
299 3267 401 3332 modis
423 3265 530 3332 multis
554 3268 722 3332 multarum
745 3266 867 3330 semina
889 3285 1014 3342 rerum,

101 3396 151 3442 777
177 3379 263 3458 quod
286 3381 442 3463 permixta
464 3380 547 3464 gerit
567 3381 661 3446 tellus
684 3380 886 3461 discretaque
909 3381 1025 3444 tradit.

175 3499 427 3578 nocturnumque
451 3514 562 3560 recens
585 3497 756 3560 extinctum
780 3496 886 3560 lurncn
910 3495 964 3559 ubi
987 3495 1052 3560 acri

176 3606 286 3671 nidore
310 3609 443 3674 offendit
464 3629 579 3694 nares,
597 3610 743 3694 consopit
765 3609 903 3675 ibidem.

100 3739 151 3785 794
177 3729 389 3805 castoreoque
411 3725 502 3809 gravi
526 3724 640 3788 mulier
661 3724 766 3808 sopita
789 3725 963 3808 recumbit,

175 3841 206 3898 et
228 3836 376 3900 manibus
398 3837 532 3902 nitidum
555 3839 673 3903 teneris
697 3859 777 3922 opus
800 3839 899 3903 effluit
922 3839 971 3916 77,

176 3956 318 4034 tempore
341 3970 379 4015 eo
402 3952 430 4017 si
453 3954 617 4018 odoratast
639 3973 701 4034 quo
724 3959 884 4016 menstrua
906 3952 1020 4017 solvit.

174 4123 376 4132 .-......-.-.

179 4228 227 4274 767
247 4241 305 4276 7777
331 4224 343 4293 b
370 4229 419 4276 770
439 4227 560 4289 culusque
586 4222 599 4292 b
625 4229 672 4274 771
694 4239 757 4288 cqne
784 4221 797 4292 Η
823 4227 871 4272 777
891 4239 966 4272 auras
990 4220 1003 4290 Η
1030 4225 1079 4272 778
1099 4230 1184 4272 tactu.
1209 4218 1223 4288 Η
1249 4226 1298 4272 780

179 4311 283 4361 tristitia
305 4311 317 4381 Η
343 4318 390 4362 787
412 4323 514 4363 uetare.
536 4312 549 4380 b
571 4317 620 4361 788
638 4313 714 4362 iudeo
734 4313 778 4362 tris
798 4310 811 4378 Η
834 4314 880 4360 791
903 4311 984 4360 acris.
