3108 5034
660 419 676 482 1

117 614 240 677 empore
262 593 439 658 seiunetum
462 596 681 670 secretumque
705 609 776 654 esse
799 591 840 653 ab
861 589 968 667 inani,

117 709 192 790 quod
216 707 307 789 quasi
328 705 422 770 tertia
444 705 484 770 sit
506 725 637 770 numere
661 710 775 768 natura
795 709 942 787 reperta.

116 843 182 886 nam
204 823 289 904 quod
313 839 448 902 eumque
471 819 549 896 erit,
574 839 645 884 esse
668 818 791 901 aliquid
813 818 942 884 debebit
963 817 995 882 id
1020 818 1146 901 ipsum:

49 957 93 1004 445
117 937 162 1003 e'ui
183 937 209 1002 si
231 943 335 1000 taetus
357 937 416 1002 erit
439 935 581 1018 quamvis
604 935 684 1000 levis
706 935 923 1018 exiguusque,

47 1073 93 1120 434
117 1050 260 1134 augmine
283 1052 334 1116 vel
356 1050 468 1134 grandi
490 1050 541 1116 vel
565 1071 665 1133 parvo
690 1049 849 1130 denique,
873 1048 948 1111 dum
972 1049 1032 1124 sit,

46 1188 92 1234 434
116 1167 251 1251 eorporis
274 1165 404 1247 augebit
427 1184 591 1230 numerum
615 1183 833 1244 summamque
857 1169 1026 1246 sequetur:

115 1282 161 1347 sin
182 1279 325 1344 intactile
349 1281 427 1356 erit,
450 1280 540 1344 nulla
562 1268 605 1343 de
625 1285 715 1361 parte
738 1278 825 1359 qued
847 1279 945 1342 ullam

115 1415 175 1462 rem
198 1393 368 1479 prohibere
392 1401 489 1474 queat
510 1414 566 1477 per
588 1413 624 1459 se
647 1393 802 1458 transsire
824 1398 1002 1477 meantem,

116 1510 247 1592 seilicet,
271 1509 331 1572 hoe
354 1507 388 1572 id
411 1509 488 1584 erit,
512 1529 646 1572 vaenum
671 1507 757 1590 quod
780 1503 877 1573 inane
902 1526 1071 1572 vocamus.

43 1643 93 1689 444
116 1629 277 1706 praeterea
300 1644 356 1706 per
379 1641 414 1688 se
438 1621 525 1704 quod
546 1643 680 1703 eumque
703 1623 780 1707 erit,
806 1628 861 1687 aut
886 1621 982 1688 iaeiet
1005 1620 1081 1704 quid

115 1744 167 1802 444
188 1737 259 1802 aliis
282 1736 373 1818 fungi
397 1736 526 1802 debebit
549 1737 714 1820 agentibus
738 1737 861 1821 ipsum,

116 1851 249 1916 anteiit
271 1857 305 1914 ut
327 1853 449 1934 possint
471 1852 505 1915 in
527 1872 564 1916 en
587 1871 638 1916 444
662 1871 734 1917 4444
757 1853 910 1934 gerique:

115 1972 147 2030 at
167 1965 273 2030 faeere
296 1972 327 2030 et
348 1965 439 2050 fungi
462 1969 531 2031 sine
555 1986 687 2049 corpore
710 1967 799 2030 nulla
821 1971 926 2049 potest
952 1985 1026 2051 res,

114 2099 172 2146 nee
192 2081 348 2164 praebere
371 2081 475 2146 locum
499 2101 593 2164 perro
616 2082 677 2146 nisi
701 2083 796 2146 inane
818 2100 1020 2164 vacansque.

40 2216 88 2262 445
116 2214 212 2276 ergo,
236 2201 362 2277 praeter
383 2194 480 2258 inane
504 2201 535 2259 et
557 2216 711 2278 corpora,
734 2196 826 2272 tertia
848 2217 905 2279 per
929 2215 962 2260 44

37 2357 38 2362 1
113 2309 203 2374 nulla
224 2316 332 2393 petest
352 2329 454 2373 rerum
478 2309 510 2372 in
533 2329 666 2374 numere
689 2315 802 2374 natura
824 2310 980 2394 relinqui,

114 2443 173 2488 444
196 2443 279 2504 4444
302 2424 361 2488 sub
385 2441 497 2488 sensus
522 2423 618 2488 eadat
640 2423 706 2486 ullo
730 2429 871 2507 tempure
894 2431 1040 2503 4444444,

37 2559 38 2620 n
113 2558 173 2602 nee
194 2539 318 2603 ratione
341 2537 437 2601 animi
461 2559 555 2618 44444
580 2539 748 2618 quisquam
771 2539 873 2622 possit
895 2541 1018 2622 apisei.

157 2653 240 2717 Nam
265 2672 347 2734 4444
371 2671 505 2733 eumque
529 2652 656 2727 414444,
680 2657 734 2714 444
757 2653 805 2716 his
830 2653 999 2716 eoniuneta
1022 2654 1146 2718 duabus

37 2747 88 2836 i50
113 2767 211 2832 rebus
234 2788 274 2832 ea
296 2767 440 2832 invenies
463 2774 519 2831 aut
541 2767 652 2830 horum
677 2772 789 2830 eventa
811 2765 972 2832 videbis.‘·

113 2882 315 2948 eoniunetum
340 2887 389 2946 est
410 2881 444 2944 id
467 2879 552 2962 quod
577 2901 732 2963 nusquam
757 2880 827 2945 sine
850 2881 1016 2964 perniciali

114 2993 250 3058 discidio
273 2997 356 3078 potis
380 3001 429 3058 est
451 2994 574 3076 seiungi
599 3015 698 3076 seque
721 2996 869 3076 gregari3

112 3105 242 3191 pondus
265 3109 311 3170 nti
334 3107 454 3183 saniei,
477 3108 564 3170 44144
586 3108 690 3190 ignis,
714 3107 818 3188 liquor
841 3109 956 3188 aquai.

37 3245 85 3291 455
113 3221 281 3288 servitium
305 3227 434 3299 eontra,
458 3226 652 3304 paupertas,
676 3221 890 3303 divitiaeque,

112 3338 267 3414 libertas,
291 3335 430 3410 bellum,
455 3330 645 3418 eoncordia,
670 3342 778 3400 444444
800 3356 932 3416 quorum

112 3450 256 3516 adventu
279 3455 386 3516 manet
408 3449 576 3516 incolumis
600 3456 715 3514 444444
738 3450 910 3534 ausuque,

110 3566 197 3630 haee
219 3565 304 3630 soliti
328 3585 457 3648 sumus,
481 3571 515 3628 ut
537 3587 595 3649 par
618 3570 686 3643 est,
711 3570 825 3630 eventa
838 3585 983 3628 uocare.

111 3687 242 3762 tempus
263 3681 338 3744 item
360 3700 418 3762 per
440 3699 475 3744 se
498 3701 562 3744 444
585 3687 652 3764 444,
677 3681 734 3746 sed
758 3681 853 3745 r'ebns
876 3681 917 3744 ab
939 3681 1017 3764 ipsis

37 3813 83 3861 444
113 3793 323 3872 consequitur
346 3815 478 3870 444444,
502 3797 698 3859 transactum
722 3795 797 3875 quid
820 3795 861 3860 sit
882 3795 915 3858 in
936 3815 1035 3879 aene,

110 3912 181 3969 tum
208 3925 289 3986 quae
311 3927 363 3970 444
386 3908 500 3985 instet,
526 3910 601 3989 qnid
624 3928 719 3991 porro
743 3908 861 3974 deinde
884 3915 1055 3990 sequatur:

111 4089 322 4096 -ῡ-...ὰ

111 4209 169 4255 438
190 4215 302 4256 44444444
322 4204 336 4273 ΙΙ
360 4209 410 4256 442
430 4215 535 4270 possunt
554 4203 567 4274 Η
592 4210 643 4256 449
664 4208 745 4256 civent
765 4205 778 4276 Η
803 4207 940 4257 coniuncto
953 4208 1058 4257 duobus.
1081 4207 1093 4276 Η
1118 4211 1166 4257 451
1187 4225 1242 4272 per·

111 4294 231 4342 mitiali.
257 4292 270 4362 14
295 4296 346 4344 452
366 4295 499 4358 greagari.
526 4291 539 4363 Η
564 4296 614 4344 453
634 4296 702 4344 saxis
723 4291 736 4362 {i
756 4311 852 4359 44444.
874 4291 887 4363 Η
911 4297 962 4344 454
981 4295 1076 4344 Tactus
1095 4297 1243 4359 corporibus

111 4381 219 4428 cummis
239 4381 346 4431 intactus
365 4383 452 4431 inani.
480 4379 493 4450 Η
519 4385 569 4431 455
590 4383 738 4446 divineque.
765 4381 778 4454 Η
801 4385 852 4432 458
872 4392 960 4432 evento

1022 4485 1043 4549 2
