3140 5032
692 429 734 492 VI

139 601 271 671 ,fumida
295 622 364 664 cnm
391 601 474 664 caeli
498 599 672 664 scintillare
697 601 804 664 omnia
827 604 948 686 templa

75 740 124 786 645
151 722 318 782 cernentes
341 715 458 797 pavida
482 715 686 798 complebant
707 721 838 798 pectora
862 738 956 792 cura,

152 831 230 912 quid
252 829 540 894 moliretur-rerum
566 835 678 893 natura
700 851 874 895 novarum.

191 945 286 1008 Hisce
309 943 366 1007 tibi
390 945 422 1007 in
445 922 540 1008 rebus
562 944 657 1008 latest
679 945 809 1026 alteque
832 946 1004 1010 videndum

151 1067 184 1124 et
208 1061 304 1140 longe
328 1059 514 1123 cunctosin
537 1059 637 1142 partis
662 1057 916 1143 dispiciendum,

151 1181 185 1238 ut
207 1174 421 1238 reminiscaris
445 1194 601 1238 summam
625 1195 731 1238 rerum
755 1194 827 1239 esse
850 1175 1062 1258 profundam,

74 1310 125 1356 65o
152 1297 182 1352 et
202 1288 315 1353 videas
339 1268 467 1352 caelum
487 1289 621 1358 summai
644 1289 739 1352 totius
763 1309 860 1352 unum

151 1424 244 1485 qnam
268 1405 309 1467 sit
330 1403 466 1488 parvula
490 1423 565 1485 pars
588 1410 620 1466 et
643 1424 736 1483 qnam
760 1403 941 1467 multesima
966 1413 1107 1479 constet,

151 1538 210 1582 neo
232 1524 299 1582 tota
321 1539 418 1603 pars,
435 1517 530 1581 bomo
553 1518 648 1581 terrai
674 1522 773 1598 quota
795 1519 892 1581 totius
916 1496 1019 1584 unus.

151 1633 236 1714 quud
260 1634 341 1696 bene
364 1632 562 1714 propositum
585 1632 611 1694 si
636 1633 732 1713 plane
756 1639 928 1696 contueare

149 1768 188 1812 ac
209 1748 323 1812 videas
345 1747 462 1831 plane,
479 1747 585 1810 mirari
611 1747 708 1809 multa
732 1745 915 1826 relinquas.

73 1882 124 1927 655
150 1863 298 1944 numquis
322 1863 404 1926 enim
429 1870 569 1926 nostrum
593 1861 745 1942 miratur,
763 1860 864 1941 siquis
885 1860 917 1923 iu
941 1867 1027 1926 artus

149 1977 272 2059 accepit
294 1976 397 2040 calido
420 1976 533 2040 febrim
557 1975 680 2040 fervore
704 1981 845 2040 coortam

150 2091 324 2154 aulalium
348 2090 491 2171 quemvis
514 2091 616 2154 morbi
640 2109 697 2172 per
720 2093 860 2155 membra
884 2092 1056 2156 dolorem?

150 2206 343 2288 opturgescit
366 2205 451 2268 enim
475 2203 579 2268 subito
602 2223 680 2287 pes,
698 2205 807 2288 arripit
829 2227 905 2270 acer

147 2339 247 2402 saepe
271 2319 363 2382 dolor
385 2319 517 2402 dentes,
535 2320 645 2383 oculus
667 2317 788 2383 invadit
810 2321 843 2382 iu
865 2321 976 2403 ipsos,

73 2451 123 2498 660
149 2434 255 2497 existit
276 2454 366 2498 sacer
389 2434 472 2518 ignis
495 2441 527 2498 ct
548 2434 610 2496 urit
633 2453 767 2514 corpore
791 2455 922 2517 serpens

151 2567 243 2628 quarn
269 2568 400 2629 cumque
424 2549 558 2632 arripuit
581 2549 692 2630 partim
707 2598 714 2631 ‚
731 2549 875 2630 repitque
897 2569 954 2632 per
977 2557 1083 2632 artus,

149 2661 181 2723 ni
206 2663 336 2741 mirum,
354 2665 429 2745 quia
451 2669 523 2728 sunt
545 2663 715 2726 multarum
739 2663 862 2727 semina
884 2683 1012 2747 rernm,

149 2783 181 2840 et
203 2777 281 2842 satis
305 2778 385 2843 haec
406 2779 502 2842 tellus
525 2778 595 2843 orbi
618 2777 807 2858 caelumque
830 2779 904 2840 mali
927 2777 1010 2861 fert,

147 2889 232 2956 uude
257 2897 354 2973 queat
376 2892 424 2956 vis
445 2893 591 2959 immensi
615 2911 820 2976 procrescere
844 2893 965 2958 morbi.

71 3024 123 3071 665
149 3005 194 3069 sic
216 3006 312 3086 igitur
333 3007 391 3069 toti
415 3007 504 3071 caelo
527 3014 693 3088 terraeque
707 3007 924 3090 putandumst

149 3139 187 3182 ex
210 3119 334 3184 infinito
358 3121 438 3184 satis
461 3122 567 3185 omnia
592 3121 818 3206 suppeditare,

148 3233 233 3298 unde
257 3243 389 3318 repente
413 3241 511 3316 queat
532 3235 627 3299 tellus
650 3256 808 3301 concussa
830 3234 948 3299 moveri

146 3369 266 3432 perque
289 3369 379 3414 marc
403 3369 443 3414 ac
464 3355 565 3414 terras
587 3350 722 3432 rapidus
744 3369 927 3435 percurrere
951 3349 1065 3424 turbo,

134 3448 231 3542 'ignis
255 3463 420 3528 abundare
443 3465 625 3542 Aetnaeus,
641 3463 857 3528 flammescere
880 3465 1025 3530 caelum:

67 3598 122 3645 670
147 3576 182 3640 id
205 3599 332 3660 quoqne
356 3579 440 3644 enim
463 3578 517 3662 fit,
536 3585 567 3642 et
590 3578 762 3642 ardescunt
785 3577 935 3643 caelestia
958 3579 1096 3663 templa,

148 3697 180 3756 et
202 3698 407 3776 tempestates
428 3693 558 3777 pluviae
582 3692 729 3776 graviore
751 3699 862 3758 coortu

146 3813 240 3885 sunt,
258 3807 311 3870 nbi
334 3807 416 3872 forte
439 3807 485 3870 ita
507 3827 541 3872 se
564 3807 734 3872 tetulerunt
755 3806 877 3871 semina
898 3828 1074 3888 aquarum.

140 3917 191 3986 ‘at
213 3921 306 3986 nimis
329 3929 377 3986 est
399 3922 514 4002 iugens
535 3921 664 3986 incendi
688 3919 833 3984 turbidus
856 3917 975 3984 ardor?
1152 3905 1155 3911 ¹

144 4036 286 4114 seilicet,
303 4042 334 4101 et
355 4035 469 4102 fluvius
492 4036 597 4118 quivis
620 4041 669 4101 est
691 4033 849 4108 maxime
872 4033 901 4096 ei

147 4207 348 4216 u——--.-—-

150 4311 199 4357 648
212 4311 420 4374 despiciendum.
437 4307 449 4377 Η
470 4311 520 4358 653
534 4307 678 4372 propositus
699 4303 711 4372 Η
732 4305 801 4368 plani
823 4304 835 4374 Η
857 4309 907 4357 658
921 4307 1081 4357 Obturcescit
1100 4303 1114 4375 Η
1135 4309 1184 4356 662
1199 4307 1240 4370 qui
1256 4305 1269 4378 Η

150 4397 199 4446 663
220 4398 301 4446 morbi
322 4395 336 4466 Η
357 4401 406 4449 667
428 4413 552 4449 concusso
574 4401 586 4463 Η
609 4398 659 4444 674
679 4395 721 4459 qui
741 4395 808 4444 visus

1007 4489 1071 4564 16*
