3140 5036
414 1337 463 1417 T.
493 1319 787 1419 LUO'RETI
817 1333 974 1418 CARI

237 1571 354 1668 DE
400 1569 721 1672 RERUM
765 1571 1143 1676 NATURA

488 1819 629 1884 LIBER
657 1819 894 1896 QUARTUS.

130 2291 237 2418 [Avia
259 2333 419 2398 Pieridum
443 2353 580 2418 peragro
603 2335 676 2399 loca
698 2334 816 2399 nullius
839 2340 914 2399 ante

128 2448 202 2512 trita
223 2449 292 2513 sclc
306 2497 313 2511 .
329 2449 417 2512 iuvat
439 2447 582 2532 integros
605 2449 759 2515 accedere
782 2448 880 2514 fontis

130 2569 227 2644 atque
250 2563 398 2645 haurire,
415 2564 563 2646 iuvatque
585 2585 687 2630 novos
710 2565 882 2648 decerpere
905 2563 1000 2629 flores

130 2678 351 2760 insignemque
374 2699 444 2742 mec
468 2680 563 2762 capiti
586 2687 694 2762 petere
716 2678 791 2742 inde
815 2699 987 2762 coronam,

92 2814 107 2860 5
131 2792 216 2856 unde
239 2792 328 2876 prius
351 2792 430 2855 nulli
453 2793 589 2858 velarint
611 2799 757 2878 tempora
778 2811 912 2871 rnusae;

132 2907 267 2992 primum
291 2907 376 2988 quod
398 2907 525 2988 rnagnis
548 2906 648 2970 doceo
673 2906 713 2970 de
737 2907 831 2972 rebus
855 2890 886 2972 et
909 2907 986 2971 artis

130 3021 317 3104 religienum
341 3021 481 3084 animum
504 3020 597 3084 nodis
622 3021 786 3084 exsolvere
809 3041 930 3106 perge,

132 3134 250 3200 deinde
274 3134 359 3216 qued
383 3136 520 3198 obscura
542 3134 581 3198 de
604 3155 638 3198 re
661 3141 727 3198 tarn
750 3136 857 3198 lucida
879 3156 986 3219 pango

133 3250 296 3333 carmina,
313 3269 442 3313 musaeo
466 3249 655 3330 contingens
679 3255 793 3314 cuncta
815 3250 944 3333 lepore.

77 3386 108 3431 rc
132 3364 166 3428 id
190 3383 316 3446 queque
339 3364 420 3427 enim
445 3384 511 3428 ncn
534 3365 575 3440 ab
598 3363 688 3426 nulla
710 3366 834 3429 ratione
855 3365 997 3430 videtur:
1102 3393 1105 3400 v

132 3498 208 3542 narn
230 3479 283 3542 vel
306 3479 351 3542 uti
373 3479 481 3562 pueris
505 3479 666 3542 absinthia
688 3484 790 3542 taetra
812 3480 975 3544 medentes

133 3614 203 3657 curn
227 3593 305 3658 dare
328 3599 503 3671 conantur,
519 3595 724 3677 priuscras,
741 3595 857 3679 pocula
879 3579 1016 3672 circam,

133 3707 322 3788 contingunt
342 3708 446 3772 mellis
469 3707 552 3772 dulci
576 3707 724 3790 flavoque
747 3709 891 3792 liquore,

132 3828 167 3884 ut
188 3841 356 3904 puerorum
379 3828 468 3887 aetas
490 3822 657 3906 inprovida
678 3822 859 3888 ludificetur

78 3956 108 4002 15
132 3936 293 4000 labrorum
315 3941 427 4013 tenus,
443 3937 567 4000 interea
588 3942 734 4019 perpotet
756 3956 901 3999 amarum

134 4048 275 4114 absinthi
297 4049 443 4133 laticem,
460 4050 661 4132 deceptaque
684 4069 748 4113 non
772 4050 934 4131 capiatur,

133 4163 192 4229 sed
214 4165 319 4246 potius
343 4164 399 4227 tali
422 4169 515 4248 pacto
538 4168 683 4228 recreata
704 4165 868 4240 valescat,

139 4410 155 4458 8
174 4408 275 4472 pando.
297 4405 310 4474 Η
332 4410 364 4456 14
383 4387 415 4456 Et
434 4403 447 4476 Η
473 4410 503 4454 17
524 4413 608 4455 ataeto
