3140 5032
298 397 361 470 212
836 395 881 460 VI
969 393 974 400 “

298 565 506 650 conpletum,
523 586 638 650 magno
661 565 871 649 indignantur
891 583 1052 631 murmure
1075 565 1174 633 clausi

294 680 454 761 nubibus,
470 682 503 746 in
526 683 697 765 caveisque
720 680 860 747 ferarum
885 700 972 744 more
996 680 1175 766 minantur,

294 817 379 860 nunc
400 796 474 862 hinc
496 818 580 863 nunc
602 797 691 863 illinc
713 796 857 863 fremitus
880 815 938 879 per
961 796 1070 860 nubila
1092 797 1238 872 mittunt,

219 931 270 980 soc
296 918 549 995 quaerentesque
571 913 657 979 viam
681 913 798 979 circum
821 917 1008 988 versantur,
1025 917 1057 978 et
1078 911 1163 992 ignis

296 1027 420 1093 semina
443 1028 635 1094 convolvunt
656 1049 674 1093 e
698 1029 835 1093 nubibus
857 1034 953 1109 atque
976 1028 1022 1091 ita
1046 1033 1164 1108 cogunt

293 1144 413 1227 multa,
430 1147 602 1225 rotantque
625 1144 713 1208 cavis
735 1143 896 1207 flammam
919 1141 1103 1206 fornacibus
1126 1141 1232 1219 intus,

298 1259 400 1324 donee
424 1257 549 1323 divolsa
571 1259 727 1324 fulserunt
749 1259 833 1322 nube
857 1256 999 1322 corusci.

333 1373 401 1438 Hac
423 1373 518 1438 etiam
540 1373 575 1437 fit
597 1373 640 1437 uti
665 1372 704 1438 de
727 1392 826 1438 causa
849 1371 976 1438 mobilis
998 1371 1054 1436 illc

219 1511 269 1558 aco
295 1488 424 1556 devolet
446 1488 478 1551 in
501 1493 615 1552 terram
639 1488 751 1570 liquidi
775 1489 863 1554 color
885 1507 1001 1552 aureus
1024 1487 1129 1571 ignis,

252 1687 256 1696 Ι
296 1604 418 1670 semina
431 1603 526 1685 ¹quod
549 1603 650 1668 nubes
672 1603 762 1687 ipsas
784 1602 941 1686 permulta
963 1608 1130 1668 necessust

295 1720 380 1803 ignis
403 1718 521 1783 habere
535 1743 542 1781 :
558 1718 675 1784 etenim
699 1737 769 1782 oum
794 1724 866 1782 sunt
887 1739 998 1784 umore
1022 1719 1090 1783 sine
1114 1705 1199 1793 illo,

291 1833 457 1898 flammeus
480 1839 529 1897 est
550 1833 736 1916 plerumque
759 1834 847 1898 colos
870 1839 902 1898 et
924 1833 1114 1916 splendidus
1137 1832 1234 1896 ollis:

295 1948 371 2030 quin
395 1947 492 2012 etiam
514 1927 592 2013 solis
616 1949 655 2011 de
678 1948 799 2012 lumine
821 1947 922 2011 multa
944 1953 1108 2012 necessest

220 2082 271 2129 aro
296 2063 485 2148 concipere,
503 2069 537 2126 ut
560 2063 671 2128 merito
694 2063 831 2128 rubeant
852 2063 1008 2144 ignesque
1031 2060 1245 2146 profundant.

293 2175 390 2242 hasce
412 2177 509 2260 igitur
532 2198 602 2244 curn
624 2184 738 2244 ventus
762 2198 863 2260 agens
886 2177 1040 2242 contrusit
1062 2177 1094 2239 in
1118 2195 1213 2239 unum

262 2314 264 2318 ’
295 2293 547 2376 compressitque
569 2293 673 2358 locum
697 2313 837 2376 cogens,
855 2311 1010 2376 expressa
1031 2289 1230 2375 profundunt

295 2407 437 2484 semina,
455 2427 537 2490 quae
560 2407 680 2472 faciunt
701 2408 848 2473 flammae
870 2407 995 2488 fulgore
1018 2405 1163 2471 colores.

1327 1907 1349 1943 l

292 2519 387 2602 fulgit
405 2521 500 2606 item,
518 2541 588 2586 cum
611 2521 778 2586 rarescunt
800 2539 928 2602 quoque
951 2521 1061 2585 nubila
1084 2520 1184 2585 caeli.

219 2653 269 2701 ars
294 2652 369 2699 nam
394 2656 464 2701 oum
486 2641 600 2700 ventus
624 2653 681 2699 eas
703 2635 817 2700 leviter
841 2635 963 2700 diducit
985 2635 1089 2700 euntis

294 2749 525 2832 dissoluitque‚
543 2750 657 2815 cadant
679 2749 813 2833 ingratis
836 2751 893 2814 illa
915 2755 1078 2815 necessest

295 2865 419 2932 semina
443 2883 527 2947 quae
549 2863 673 2929 faciunt
694 2865 873 2946 fulgorem:
890 2871 955 2927 tum
979 2865 1047 2928 sine
1070 2869 1171 2929 taetro

295 2986 415 3046 terrore
439 2986 470 3044 et
493 2979 599 3047 sonitu
622 2976 716 3061 fulgit
739 2979 890 3060 nulloque
913 2977 1066 3042 tumultu.

333 3095 428 3173 Quod
451 3114 546 3177 super
569 3100 636 3178 est,
654 3093 741 3175 quali
765 3101 878 3158 natura
900 3093 1049 3178 praedita
1072 3098 1218 3158 constent

218 3231 269 3278 220
294 3209 447 3286 fulmina,
465 3209 629 3274 declarant
650 3209 714 3273 ictu
735 3208 810 3273 loca
832 3193 957 3292 inusta,
974 3209 1102 3292 vaporis

295 3326 407 3408 signa,
424 3331 584 3406 notaeque
606 3324 714 3408 gravis
738 3323 879 3388 halantis
903 3323 1041 3407 sulpuris
1064 3343 1179 3387 auras:

295 3441 378 3521 ignis
401 3439 486 3504 enirn
511 3446 583 3504 sunt
606 3441 687 3504 haec
711 3459 774 3502 non
797 3439 882 3502 venti
906 3438 1124 3521 signansque
1146 3437 1276 3501 imbris.

294 3559 464 3639 praeterea
486 3573 584 3638 saepe
608 3553 786 3618 accendunt
809 3571 936 3634 quoque
959 3558 1044 3617 tecta
1068 3552 1233 3616 domorum

293 3675 325 3734 et
347 3668 442 3734 celeri
464 3667 591 3732 flamma
613 3667 817 3732 dominantur
839 3670 872 3731 in
895 3666 1030 3732 aedibus
1054 3667 1153 3750 ipsis.

219 3806 268 3854 aas
293 3784 377 3849 huno
398 3783 457 3848 tibi
479 3783 625 3848 subtilem
649 3803 717 3848 cum
741 3783 852 3868 primis
874 3781 1002 3866 ignibus
1023 3781 1130 3866 ignem

293 3986 494 3994 -——--—--

254 4120 255 4123 ’
297 4118 346 4167 199
366 4117 467 4167 fremitu
487 4114 501 4185 Η
522 4119 570 4166 201
591 4132 604 4166 e
623 4117 761 4166 omissum.
782 4112 795 4184 Η
816 4116 866 4163 205
886 4115 956 4163 calor
976 4111 989 4181 Η
1010 4116 1059 4163 207
1079 4112 1154 4176 Ignes
1174 4109 1187 4181 Η
1208 4115 1259 4166 208
1272 4113 1414 4177 Flameusq.

294 4206 441 4269 plerumque
462 4203 476 4273 Η
494 4205 558 4254 olis.
580 4202 593 4273 Η
613 4207 663 4254 209
677 4204 777 4266 Quippe
796 4203 863 4251 enim
883 4199 896 4269 Η
917 4204 967 4250 210
986 4202 1090 4250 iubeant
1110 4198 1122 4268 Η
1143 4203 1193 4250 213
1213 4201 1310 4264 fulgere
1330 4203 1342 4268 Η
1364 4203 1414 4252 216
1491 4212 1496 4221 ·

295 4293 421 4356 ingratius
446 4291 459 4360 Η
485 4294 535 4341 218
553 4292 621 4341 sonis
646 4291 659 4359 Η
675 4285 734 4339 ’219
754 4289 823 4352 quali
842 4289 982 4339 omissum.
1003 4283 1017 4356 Η
1038 4289 1089 4336 220
1107 4287 1159 4376 ictu
1178 4295 1203 4336 et
1221 4288 1305 4338 inusta
1330 4289 1343 4356 Η
1363 4292 1412 4339 221

296 4381 379 4428 auris.
401 4378 414 4446 Η
434 4381 485 4428 223
504 4393 530 4428 se
