3140 5036
270 433 330 498 100
806 425 850 492 III

310 602 350 666 nt
372 601 524 684 quoniam
545 605 611 665 toto
635 599 786 664 sentimus
810 619 943 684 corpore
966 599 1072 666 inesse

192 736 242 784 635
268 716 397 780 vitalem
420 736 548 782 sensum
571 719 603 780 et
625 719 725 780 totum
748 733 820 780 esse
843 715 984 780 animale
1007 715 1172 798 videmus,

267 832 294 896 si
317 831 420 896 subito
444 829 583 896 medium
605 829 702 895 celeri
724 829 917 914 praeciderit
937 831 1001 895 ictu

264 945 312 1010 vis
336 945 464 1028 aliqua,
481 951 515 1009 ut
537 964 662 1010 sorsum
683 952 808 1033 partem
830 951 978 1010 secernat
999 949 1184 1028 utramque,

265 1060 430 1144 dispertita
452 1059 561 1143 procul
584 1060 681 1125 dubio
706 1079 832 1142 quoque
854 1059 903 1124 vis
925 1059 1045 1123 animai

266 1180 297 1239 et
318 1173 455 1240 discissa
477 1174 570 1238 simul
593 1194 664 1238 cum
687 1193 820 1257 corpore
844 1174 1042 1240 dissicietur.

190 1309 240 1356 646
266 1293 299 1353 at
322 1290 407 1370 quod
430 1289 583 1354 scinditur
606 1295 638 1354 et
659 1289 759 1373 partis
783 1287 918 1354 discedit
939 1288 972 1352 in
994 1287 1097 1366 ullas,

231 1387 232 1392 ἵ
266 1403 404 1488 scilicet,
421 1409 582 1469 aeternam
605 1403 667 1468 sibi
689 1412 839 1469 naturam
862 1403 974 1467 abnuit
997 1422 1089 1468 esse.

265 1518 428 1584 falciferos
452 1524 625 1582 memorant
646 1537 755 1582 currus
778 1517 943 1582 abscidere
967 1517 1109 1581 membra

266 1654 364 1716 saepe
387 1634 433 1698 ita
456 1634 496 1697 de
519 1633 622 1698 subito
645 1633 803 1715 permixta
826 1632 923 1697 caede
947 1631 1100 1715 calentis,

266 1756 299 1812 ut
320 1754 457 1814 tremere
479 1748 513 1811 in
535 1755 619 1812 terra
641 1748 785 1814 videatur
807 1747 847 1812 ab
870 1747 1002 1811 artubus
1025 1745 1059 1810 id
1082 1746 1168 1828 quod

191 1884 240 1930 645
266 1862 384 1928 decidit
406 1862 586 1939 abscisum,
603 1880 673 1924 curn
699 1881 787 1926 mens
809 1868 916 1926 tamen
939 1868 1034 1944 atque
1057 1861 1193 1926 hominis
1215 1861 1264 1926 vis

265 1978 441 2044 mobilitate
464 1977 541 2040 maii
563 1997 626 2040 nou
651 1976 718 2056 quit
740 1977 856 2040 sentire
879 1976 1042 2042 dolorem:

265 2100 296 2159 et
318 2094 417 2158 semel
439 2093 472 2156 iu
494 2111 621 2176 pugnae
644 2090 748 2155 studio
774 2091 859 2172 quod
881 2091 989 2156 dedita
1010 2111 1102 2156 mens
1125 2097 1191 2176 est,

267 2228 398 2292 corpore
420 2208 543 2289 reiiqtto
566 2226 708 2290 pugnam
731 2206 913 2287 caedesque
936 2206 1102 2290 petessits

265 2344 324 2388 nee
345 2329 431 2388 tenet
452 2322 605 2387 amissam
627 2321 754 2386 laevam
778 2341 848 2384 cum
870 2321 1008 2404 tegmine
1036 2341 1133 2405 saepe

192 2459 241 2506 656
265 2440 347 2504 inter
370 2458 469 2520 equos
492 2438 645 2502 abstraxe
667 2441 754 2500 rotas
777 2435 940 2516 falcesque
963 2455 1118 2520 rapaces,

266 2572 326 2618 nec
349 2551 503 2616 cecidisse
526 2550 610 2615 alius
633 2549 798 2628 dextram,
816 2570 886 2614 cum
910 2549 1035 2615 scandit
1058 2543 1092 2616 et
1109 2551 1224 2614 instat.

266 2667 341 2733 inde
364 2667 446 2732 alius
470 2671 600 2731 conatur
623 2663 771 2746 adempto
796 2684 925 2747 surgere
949 2685 1062 2742 crure,

266 2804 336 2848 cum
359 2782 476 2863 digitos
499 2781 599 2864 agitat
620 2786 750 2862 propter
771 2779 981 2843 moribundus
1004 2779 1090 2842 humi
1112 2798 1189 2862 pes.

266 2904 298 2962 et
320 2903 415 2980 caput
437 2895 598 2960 abscisum
620 2893 725 2958 calido
749 2893 938 2974 viventeque
960 2900 1069 2958 trunco

193 3031 242 3078 655
266 3017 373 3076 servat
395 3012 480 3074 humi
503 3010 619 3074 voltum
643 3010 772 3076 vitalem
796 3009 971 3090 oculosque
993 3009 1153 3094 patentis,

265 3127 367 3190 donec
388 3125 540 3207 reliquias
564 3126 682 3191 animai
704 3125 846 3192 reddidit
868 3145 998 3191 omnes.

190 3265 191 3268 ¹
266 3242 341 3324 quin
365 3240 460 3305 etiam
482 3239 539 3304 tibi
562 3240 609 3320 si,
626 3242 737 3326 lingua
759 3241 923 3318 vibrante,
939 3239 1069 3304 micanti

264 3363 444 3440 serpentem
468 3355 589 3438 cauda,
608 3375 626 3420 6
647 3375 781 3438 procero
805 3374 938 3439 corpore
961 3353 1138 3436 utrimque,

265 3473 307 3535 sit
327 3471 451 3534 libitum
473 3471 507 3532 in
529 3470 645 3534 multas
668 3469 769 3552 partis
793 3468 949 3534 discidere
972 3467 1077 3544 ferro,
1131 3520 1134 3525 .

190 3605 241 3652 666
266 3585 373 3650 omnia
395 3586 459 3648 iam
482 3603 605 3650 sorsum
629 3602 739 3648 cernes
763 3582 876 3648 ancisa
898 3581 1017 3646 recenti

266 3701 395 3767 volnere
418 3698 528 3763 tortari
551 3704 581 3762 et
602 3703 718 3762 terram
742 3715 955 3781 conspargere
977 3697 1074 3780 tabo,

265 3816 370 3900 ipsam
392 3833 489 3896 seque
512 3817 597 3878 retro
619 3818 744 3896 partem
766 3817 875 3897 petere
899 3829 954 3875 ore
976 3810 1135 3894 priorem,

264 3931 405 3997 volneris
429 3929 552 3996 ardenti
575 3933 610 3992 ut
631 3948 738 3993 morsu
762 3932 884 4012 premat
905 3925 968 3991 icta
992 3925 1155 3990 dolorem.

266 4113 467 4125 Ἣ

269 4233 319 4280 644
339 4234 371 4282 ad
389 4234 493 4282 artubus
522 4229 535 4301 Η
563 4235 612 4283 645
632 4231 731 4282 Dieidit
760 4227 774 4300 Η
803 4232 852 4281 647
872 4229 947 4280 simul
977 4224 989 4298 Η
1020 4227 1070 4278 650
1089 4234 1143 4276 rote
1169 4219 1181 4293 Η
1209 4227 1257 4274 651
1278 4221 1353 4274 istut.
1374 4218 1388 4292 Η

270 4321 318 4367 657
338 4321 463 4369 minanti.
485 4316 498 4387 Η
519 4322 568 4369 658
588 4320 715 4383 Serpentis
728 4321 808 4369 caude
823 4333 928 4382 procero
950 4315 963 4385 Η
982 4325 1132 4376 utrumque.
1153 4310 1166 4380 Η
1188 4315 1238 4361 666
1257 4319 1352 4362 reretro
1375 4308 1387 4378 ΙΙ

270 4407 320 4457 663
339 4407 443 4457 dolore.
