3140 5036
710 445 754 509 111

169 609 273 691 perdit
296 609 379 673 enim
403 610 489 692 quod
511 631 576 675 non
598 613 760 696 proprium
782 613 841 676 luit
863 611 932 678 eius
953 613 986 676 in
1009 632 1110 691 aevo,

171 723 322 805 nullaque
343 731 511 807 praeterea
532 724 656 808 perdit,
674 745 768 806 quom
792 727 961 810 expellitur
984 747 1084 793 aevo.

208 837 322 900 Dicere
344 858 440 920 porro
464 837 574 902 oculos
597 840 716 902 nnllam
738 859 806 904 rem
828 859 957 904 cernere
980 859 1097 926 posse,

97 969 145 1016 330
170 949 227 1014 sed
249 969 384 1034 percos
407 951 544 1016 animum
568 958 602 1016 ut
623 952 745 1016 foribus
768 960 913 1038 spectare
936 955 1090 1038 reclusis,

170 1063 367 1148 (1331033331,
385 1074 493 1130 contra
517 1085 587 1130 oum
611 1087 724 1132 sensus
747 1068 833 1131 dicat
855 1087 984 1147 eorum3

97 1199 145 1246 333
171 1178 294 1262 fulgida
316 1181 504 1262 praesertim
528 1201 599 1244 eum
622 1201 751 1246 eernere
774 1201 872 1265 saepe
896 1182 1081 1263 nequimus:

97 1314 145 1359 333
171 1313 282 1357 sensus
306 1293 387 1356 enim
411 1293 505 1357 trahit
526 1302 622 1376 atque
644 1297 729 1360 acies
752 1296 890 1361 detrudit
912 1296 955 1360 ad
978 1297 1065 1380 ipsas

97 1428 146 1474 334
171 1407 309 1490 lumina,
326 1407 497 1473 luminibus
521 1410 596 1492 quia
619 1411 711 1474 nobis
734 1411 1002 1494 praepediuntur.
1054 1417 1056 1424 ’

173 1523 257 1604 quod
281 1521 404 1586 foribus
427 1543 491 1586 non
513 1523 566 1588 fit:
584 1545 687 1606 neque
710 1526 813 1601 enim,
831 1525 906 1606 quia
929 1526 1084 1590 cernimus
1108 1525 1189 1609 ipsi,

172 1637 253 1701 ostia
275 1637 451 1720 suscipiunt
474 1639 571 1701 ullum
595 1639 719 1703 reclusa
742 1640 905 1704 laborem.

171 1757 337 1834 praeterea
359 1752 386 1816 si
408 1773 466 1835 pro
489 1751 611 1816 foribus
634 1760 706 1817 sunt
728 1754 850 1816 lumina
872 1759 1000 1836 nostra,

170 1865 235 1928 iam
257 1865 360 1948 magis
383 1866 665 1950 exemptis'ooulis
688 1867 805 1932 debere
829 1866 959 1954 videtur

171 1995 375 2044 0330333333
399 1980 523 2044 animus
547 1981 681 2046 sublatis
704 1983 849 2066 postibus
871 1983 970 2066 ipsis.

88 2113 137 2159 330
215 2091 299 2156 Illud
320 2093 353 2156 in
377 2093 427 2157 his
443 2095 543 2160 rebus
565 2115 770 2176 nequaquam
793 2115 918 2160 sumere
941 2096 1066 2179 possis,

133 2253 137 2260 -
170 2208 343 2271 Democriti
366 2208 450 2290 quod
475 2217 585 2273 sancta
607 2208 666 2270 viri
689 2209 847 2272 sententia
869 2210 978 2292 ponit,

171 2321 313 2406 30300313
336 2327 434 2405 atque
456 2323 553 2386 animi
575 2322 770 2406 primordia,
788 2323 916 2405 singula
938 2321 1036 2406 privis

172 2435 340 2519 adposita,
358 2437 490 2501 alternis
512 2437 655 2521 variare,
673 2455 711 2500 ac
730 2441 858 2500 nectere
880 2436 1044 2501 membra.

171 2568 246 2612 nam
269 2569 339 2614 oum
361 2552 460 2617 mullo
485 2557 558 2615 sunt
580 2551 738 2614 elementa
760 2551 884 2615 minora
907 2550 1025 2613 animai

94 2687 146 2735 333
172 2684 265 2746 quarn
290 2663 403 2744 quibus
427 2684 444 2728 3
467 2685 581 2749 003003
604 2665 697 2729 nobis
720 2671 751 2728 et
772 2665 896 2729 viscera
919 2669 1084 2746 constant,

170 2785 237 2841 tum
259 2797 389 2843 numero
414 2799 539 2860 quoque
562 2778 739 2843 concedunt
762 2784 793 2842 et
814 2799 890 2842 rara
912 2796 970 2862 per
991 2784 1078 2842 artus

171 2891 284 2955 dissita
307 2898 399 2977 sunt,
417 2893 489 2956 dum
513 2899 622 2970 taxat;
639 2899 673 2956 ut
696 2893 758 2957 hoo
779 2893 963 2976 promittere
985 2893 1110 2976 possis,

171 3006 325 3092 quantula
347 3008 440 3091 priva
464 3013 582 3087 queant
603 3007 696 3071 nobis
718 3008 835 3071 iniecta
858 3007 942 3071 01333
1090 3003 1092 3008 ’

171 3139 306 3204 0030033
328 3120 499 3184 sensiferos
523 3127 625 3184 motus
647 3122 679 3183 in
703 3140 857 3203 corpore,
878 3127 968 3183 tanta

83 3253 136 3299 330
174 3232 341 3298 1013333113
362 3240 472 3298 tencre
495 3234 628 3296 exordia
649 3234 741 3318 priva
763 3233 904 3296 animai.

175 3365 249 3409 nam
273 3367 377 3428 neque
399 3348 538 3431 pulveris
560 3347 642 3411 inter
664 3348 738 3411 dum
762 3347 915 3412 sentimus
939 3346 1115 3410 adhaesum

175 3479 308 3544 corpore
331 3481 390 3526 nec
412 3462 561 3526 membris
584 3462 754 3550 incussam·
768 3462 873 3526 sidere
897 3467 1035 3539 cretam,

173 3593 232 3638 neo
254 3575 404 3639 nebulam
428 3582 523 3640 noctu
547 3594 649 3657 neque
673 3577 781 3664 aranei
802 3557 913 3641 'tenvia
934 3573 990 3639 fila

174 3688 269 3752 obvia
292 3687 463 3766 sentimus,
481 3687 611 3770 quando
635 3689 808 3754 obretimur
831 3697 962 3773 euntes,

92 3820 145 3867 333
171 3821 232 3864 neo
254 3821 369 3883 supera
392 3806 489 3885 caput
511 3803 655 3868 eiusdem
678 3805 831 3869 cecidisse
853 3804 972 3868 vietam

170 3921 311 3993 vestem,
327 3935 386 3980 neo
408 3916 535 3998 plumas
558 3917 664 3980 avium
685 3937 876 4002 papposque
898 3915 1056 3993 volantis,

173 4096 372 4104 --—--—·--

175 4214 224 4262 357
244 4213 319 4262 Perdi
340 4210 355 4280 11
375 4213 576 4287 caspiumque
596 4210 610 4280 Η
630 4213 755 4277 perditum
774 4214 909 4278 expellitur
926 4227 989 4262 aevo
1009 4225 1100 4274 quum.
1122 4210 1135 4277 11
1157 4211 1295 4260 36191111-

170 4295 279 4364 31133111
299 4300 384 4348 ducat·
396 4300 408 4365 11
430 4301 480 4348 365
500 4314 550 4361 qus
570 4297 583 4367 11
604 4302 653 4348 372
674 4300 778 4363 primis.
800 4297 812 4367 11
833 4303 884 4348 374
899 4299 1000 4348 animae
1014 4299 1137 4348 elementa
1149 4299 1264 4348 minora.
1279 4295 1293 4367 Η

176 4385 226 4434 378
244 4385 327 4448 prima
347 4381 360 4452 ΙΙ
380 4387 430 4434 380
449 4386 531 4450 prime
551 4382 564 4453 Η
585 4389 634 4436 383
654 4385 726 4434 arani
745 4387 841 4436 tenulla
