3140 5036
268 370 329 433 110
812 359 838 422 V

192 554 241 600 eoo
269 537 300 598 et
323 531 441 615 semel,
458 536 492 594 ut
513 531 600 596 fama
622 537 689 612 est,
708 551 798 596 umor
821 531 961 613 regnarit
983 531 1015 594 in
1039 531 1146 595 arvis.

266 647 350 728 ignis
373 645 457 712 enim
481 650 611 726 superat
633 651 666 710 et
688 646 831 710 lambens
853 646 956 710 multa
977 644 1135 730 perussit,

266 761 338 826 avia
361 781 431 826 oum
453 759 654 824 Phaethonta
676 779 779 842 rapax
801 759 848 823 vis
871 759 949 824 solis
973 779 1126 840 equorum

266 877 395 940 aethere
417 871 556 956 raptavit
577 877 643 937 toto
665 878 830 954 terrasque
853 893 911 957 per
933 873 1055 938 omnis:

267 994 301 1052 at
322 993 415 1072 pater
437 985 640 1069 omnipotens
662 987 798 1050 iratum
820 988 958 1071 percitus
980 988 1048 1053 aori

191 1124 242 1170 400
267 1101 507 1185 magnanimum
529 1100 729 1164 Phaethonta
751 1101 875 1185 repenti
896 1100 1038 1166 fulminis
1061 1102 1124 1168 ictu

266 1214 448 1280 deturbavit
470 1213 560 1294 equis
583 1213 615 1277 iu
638 1219 773 1298 terram,
791 1215 903 1296 solque
927 1216 1052 1282 cadenti

267 1328 381 1409 obvius
404 1335 567 1392 aeternam
587 1328 729 1412 succepit
750 1329 906 1415 lampada
928 1330 1057 1415 mundi,
1139 1337 1144 1352 '

267 1443 481 1524 disiectosque
504 1442 626 1524 redegit
648 1463 749 1525 equos
771 1445 937 1527 iunxitque
958 1445 1141 1528 trementis,

266 1556 341 1622 inde
365 1577 456 1621 suum
478 1576 537 1641 per
558 1557 618 1622 iter
640 1560 796 1623 recreavit
818 1565 932 1624 cuneta
953 1560 1154 1643 gubernans,

191 1690 241 1737 400
267 1673 406 1750 scilicet,
424 1677 458 1734 ut
479 1680 605 1740 veteres
628 1674 758 1738 Graium
782 1674 926 1738 cecinere
949 1679 1082 1756 poetae.

269 1786 354 1867 quod
376 1789 487 1885 procul
509 1809 528 1852 a
551 1808 627 1854 vera
649 1789 743 1853 nimis
766 1793 813 1854 est
836 1787 960 1852 ratione
983 1788 1166 1870 repulsum.

265 1900 350 1982 ignis
372 1902 455 1966 enim
478 1923 630 1986 superare
651 1909 757 1987 potest
779 1901 834 1966 ubi
857 1901 1001 1967 materiai

268 2034 307 2079 ex
330 2015 452 2080 infinito
475 2024 548 2082 sunt
570 2037 706 2102 corpora
727 1998 820 2101 plura
843 2022 971 2099 coorta,

191 2148 242 2194 41o
268 2135 299 2192 et
320 2137 456 2214 pereunt
478 2151 528 2196 res
552 2139 683 2198 exustae
704 2130 896 2196 torrentibus
919 2131 1026 2196 auris:

191 2262 241 2309 409
265 2243 340 2310 inde
363 2247 479 2312 cadunt
501 2249 584 2313 vires
607 2247 717 2328 aliqua
740 2247 863 2310 ratione
886 2247 1046 2311 revictae.

191 2377 239 2422 411
265 2357 357 2449 umor
377 2361 451 2425 item
475 2361 637 2443 quondam
660 2362 765 2446 eoepit
786 2380 940 2445 superare
962 2363 1106 2436 coortus,

192 2487 194 2492 '
265 2480 299 2537 ut
321 2475 408 2539 fama
431 2482 498 2559 est,
516 2475 677 2540 hominum
700 2477 814 2541 multas
836 2473 965 2557 quando
989 2474 1094 2538 obruit
1115 2472 1222 2538 urbis:

265 2589 339 2655 inde
362 2589 486 2654 ubivis
509 2589 619 2672 aliqua
641 2591 764 2656 ratione
787 2609 902 2655 aversa
924 2589 1075 2672 recessit,

268 2723 308 2768 ex
329 2702 451 2768 infinito
476 2703 581 2769 fuerat
603 2724 687 2788 quae
709 2724 844 2786 eumque
867 2709 997 2780 coorta,

190 2838 241 2886 415
267 2818 474 2883 constiterunt
495 2804 613 2884 imhres
636 2826 668 2883 et
689 2819 821 2882 flumina
843 2819 904 2884 vim
928 2819 1127 2882 minuerunt.

305 2931 368 2996 Sed
392 2934 506 3016 quihus
524 2935 581 3004 ‚ille
604 2934 706 2998 modis
729 2933 891 2999 coniectus
913 2933 1062 2998 materiai

265 3047 405 3112 fundarit
427 3055 542 3120 terram
566 3053 598 3114 et
620 3049 744 3113 caelum
766 3049 919 3132 pontique
940 3047 1122 3132 profunda,

266 3163 344 3228 solis
366 3164 454 3226 lunai
477 3183 605 3248 cursus,
625 3183 664 3228 ex
687 3163 800 3228 ordine
821 3184 959 3248 ponam.

265 3298 341 3343 nam
364 3282 448 3343 certe
470 3297 573 3359 neque
596 3278 728 3344 consilio
752 3279 926 3362 primordia
948 3299 1052 3343 rerum

191 3411 241 3458 420
267 3392 378 3457 ordine
401 3411 436 3456 00
459 3413 517 3458 000
542 3412 687 3474 quaeque
710 3394 821 3476 sagaoi
843 3399 948 3459 mente
970 3393 1113 3458 locarunt
1187 3415 1190 3421 ·

267 3525 326 3569 neo
349 3525 430 3587 quos
453 3525 600 3595 quaeque
624 3505 739 3572 darent
760 3514 864 3572 motus
886 3507 1040 3592 pepigere
1061 3503 1224 3588 profecto,

265 3619 323 3685 sed
346 3620 421 3702 quia
443 3620 542 3684 multa
564 3621 668 3686 modis
691 3623 797 3686 multis
818 3619 991 3705 primordia
1012 3639 1116 3683 rerum

267 3755 307 3799 ex
331 3733 454 3800 infinito
477 3733 542 3800 iam
564 3740 708 3820 tempore
730 3735 851 3820 percita
873 3733 981 3818 plagis

232 3883 240 3896 ·
266 3849 527 3933 ponderibusque
551 3850 617 3915 suis
640 3855 832 3916 consuerunt
854 3849 978 3915 concita
999 3847 1075 3914 ferri

191 3981 242 4029 425
269 3962 522 4048 omnimodisque
545 3964 632 4030 coire
654 3971 751 4046 atque
774 3965 880 4029 omnia
898 3969 1135 4054 pertemptare.

272 4243 322 4290 396
346 4243 473 4306 superavit
495 4250 520 4292 et
543 4243 646 4291 amhens
670 4238 683 4308 Η
709 4244 757 4291 397
777 4249 915 4306 petontana
942 4238 955 4308 Η
981 4241 1030 4290 399
1049 4255 1106 4289 eum
1131 4235 1144 4306 Η
1168 4239 1219 4288 400
1237 4237 1349 4288 fluminis
1373 4235 1387 4309 Η

270 4329 321 4376 405
340 4337 441 4393 gratum
461 4326 474 4397 Η
494 4331 546 4380 410
565 4329 618 4376 Aut
639 4324 652 4396 Η
672 4331 722 4378 412
742 4329 831 4379 undis.
853 4325 866 4396 Η
885 4330 936 4380 425
956 4334 1024 4377 cotre
